2970 4890
623 364 680 418 rs.
697 363 795 433 sane.

252 536 379 624 Optulit
401 544 435 601 et
457 543 582 601 restem
604 536 700 601 niveo
723 535 896 622 splendore
919 539 1091 603 micantem

250 625 330 689 Eius
351 644 522 689 mensurae
546 623 781 687 conformatam
803 624 881 687 satis
904 631 991 710 apte.

249 711 323 776 Hac
344 710 458 775 induta
480 709 612 795 quidem
635 707 754 774 direxit
776 708 818 773 ad
841 711 976 775 aethera
996 731 1121 791 vocem,

250 796 390 862 Aaeidue
414 803 523 882 grates
546 794 675 860 Christo
696 796 879 861 resonando
902 817 1028 877 suaves,

252 883 352 949 Cuius
375 903 472 969 opem
494 884 577 947 tanti
599 883 700 947 sensit
722 882 782 947 sub
805 883 894 948 fasce
917 884 1038 970 pericli,

252 970 351 1035 Cuius
374 979 408 1034 et
430 970 550 1034 auxilio
573 968 680 1033 fuerat
701 977 849 1053 protecta
871 976 1017 1056 patemo,

250 1057 301 1121 Ne
323 1063 436 1143 posset
457 1055 577 1120 veteris
599 1056 760 1142 corrumpi
781 1055 948 1120 fraudibus
970 1055 1081 1121 hostis.

293 1143 425 1208 Interea
446 1144 579 1207 iuvenes
601 1149 735 1207 caecato
759 1141 856 1207 corde
878 1142 1023 1206 timentes

247 1228 399 1316 Undique
423 1229 566 1294 collectis
589 1230 705 1293 cursim
727 1248 847 1294 venere
870 1229 1019 1307 catervis,

252 1313 423 1380 certantes
447 1314 553 1380 studio
576 1335 751 1400 perversae
773 1316 891 1380 mentis
912 1316 1034 1401 iniquo,

251 1401 330 1475 Quis
351 1403 439 1488 prior
459 1403 596 1466 intraret
617 1402 671 1466 vel
693 1402 764 1503 quis
786 1401 971 1504 perdiscere
994 1406 1114 1489 posset,
1274 1411 1323 1477 sot
1337 1413 1385 1464 atr
1433 1448 1437 1455 .

249 1490 303 1552 An
325 1491 415 1574 virgo
439 1488 570 1553 suffulta
592 1489 641 1552 sui
663 1509 838 1553 mummme
861 1486 979 1553 Christi

249 1574 353 1658 Haec,
377 1595 461 1662 quae
484 1576 630 1640 carnales
652 1594 782 1660 semper
804 1576 999 1661 contempsit
1020 1592 1157 1655 amores,

251 1662 323 1726 Iam
343 1682 427 1727 nunc
449 1663 579 1748 incepto
601 1667 715 1747 posset
736 1663 909 1747 persistere
932 1668 1019 1726 voto.

249 1748 320 1813 Nec
342 1768 443 1831 mora,
467 1754 674 1834 cognoscunt,
696 1769 757 1813 nec
780 1748 1000 1813 contradicere
1023 1751 1167 1833 possunt,

251 1833 347 1907 Quod
368 1854 544 1921 numquam
565 1836 699 1920 longum
722 1836 793 1922 quis
815 1834 1028 1899 confundetur
1048 1833 1082 1896 in
1103 1851 1230 1914 aerum,

251 1920 315 1995 Qui
337 1920 473 1987 credens
496 1920 625 1986 domiuo
648 1922 740 1986 firma
762 1943 777 1985 s
802 1941 820 1986 e
842 1920 966 2008 pendet
985 1922 1020 1985 in
1041 1918 1113 1992 illo;

249 2007 334 2072 Nem
378 2009 560 2093 uirumque,
585 2027 644 2072 sua
666 2028 760 2093 comp
795 2028 848 2072 sus
870 2013 979 2072 mente
1002 2006 1152 2091 superba,

249 2094 348 2179 Ingre
374 2097 436 2158 'tur
458 2095 559 2181 turpis
580 2094 724 2159 latebras
746 2095 936 2159 temerarius
958 2093 1058 2173 aedis,

248 2180 295 2245 Ut
316 2181 424 2246 radios
446 2181 526 2245 lucis
548 2180 629 2245 vidit
650 2182 730 2245 mire
752 2181 922 2264 rutilantis,

248 2266 428 2352 Angelicae
450 2267 712 2354 praefulgentem
734 2269 897 2353 vestisque
919 2267 1068 2349 nitorem,

250 2352 425 2441 Correptus
447 2355 530 2438 signi
552 2355 650 2419 nimio
673 2359 796 2418 terrore
820 2352 970 2441 stupendi

249 2440 435 2505 Prostratus
457 2460 568 2505 sacrae
614 2441 709 2505 lentis
732 2441 888 2527 extimplo
910 2440 1041 2527 puellae

248 2526 406 2607 Postulat,
430 2546 574 2592 errorum
591 2460 700 2591 daxari
720 2528 825 2592 vincla
846 2547 986 2603 suorum,

251 2613 477 2699 Testaturque,
501 2612 598 2677 deum
620 2634 732 2678 verum
754 2613 824 2678 fore
846 2615 915 2678 iure
938 2612 1119 2701 colendum,

249 2698 328 2764 Eius
350 2701 490 2766 cultores
513 2699 568 2785 qui
591 2699 809 2765 consolabitur
831 2719 956 2774 omnes;

250 2784 365 2871 Sisque
387 2787 478 2851 locus
500 2785 659 2850 scelerum
682 2787 796 2851 domus
819 2786 955 2851 efficitur
975 2785 1189 2871 precularum.

250 2871 397 2937 Tandem
418 2872 577 2959 preelecti
597 2879 691 2938 natus
713 2875 802 2938 venit
824 2874 909 2937 male
931 2891 1037 2955 sanus,

249 2956 347 3024 Cuius
370 2960 518 3023 sustinuit
540 2979 638 3024 causa
659 2960 724 3024 vim
745 2960 835 3045 virgo
857 2960 965 3024 beata

251 3044 314 3119 Qui
335 3065 414 3110 mox
435 3046 599 3132 ingressus
621 3045 740 3111 ridenti
762 3045 859 3112 corde
881 3045 1024 3110 misellus

248 3130 318 3195 Nec
341 3131 423 3196 dixit
443 3131 574 3197 laudem
596 3131 725 3198 domino
747 3153 808 3198 nec
830 3131 937 3197 reddit
958 3131 1124 3215 honorem,

252 3216 364 3283 Gratia
386 3219 529 3285 tristifico
554 3220 644 3284 cuius
666 3219 814 3284 radiabat
835 3219 868 3283 in
889 3224 992 3301 antro,

250 3303 318 3369 Sed
339 3305 568 3371 detestabilem
590 3308 694 3371 laetus
716 3304 873 3374 tendebat
892 3305 927 3369 in
949 3304 1077 3387 aedem,

226 3490 277 3544 231
296 3491 361 3559 sllsit
378 3494 418 3557 Μ,
434 3496 560 3561 sitisoitp
647 3492 699 3547 233
716 3503 818 3547 ueteres
836 3494 881 3546 Μι
957 3492 1010 3548 240
1026 3497 1055 3547 in
1071 3502 1160 3564 coepto
1180 3494 1273 3554 Uoltur

142 3561 733 3699 {lidadpedizdafffzidiabffdduffecdnbeioei
749 3562 823 3699 (c2f53
835 3558 1014 3685 -ffitdherfflPMd'
1032 3560 1277 3699 mffiplmqiscllqff

143 3700 262 3753 anaba
280 3701 361 3754 erm
381 3671 389 3698 '
446 3701 498 3755 259
521 3672 698 3755 amoenam
711 3699 747 3768 ρ’
769 3670 817 3766 (ie
840 3672 979 3755 iaudat
995 3671 1091 3769 ,4μὸ
1107 3650 1272 3768 aeriani

143 3771 258 3821 stabilem
277 3769 291 3834 (
306 3772 311 3784 “
321 3771 336 3837 )
355 3770 388 3821 Μ
393 3788 403 3831 ,·
424 3773 459 3837 cf.
477 3774 566 3839 praes.
590 3773 651 3823 libri
672 3771 710 3822 ΙΙ
722 3771 739 3834 §
750 3776 775 3834 4,
798 3770 904 3824 Dolet
920 3773 974 3837 §1‚
997 3771 1080 3824 datr
1095 3771 1143 3835 92,
1167 3768 1272 3837 Posui

144 3838 219 3900 §aa
234 3841 318 3892 nario
337 3858 374 3890 arr
391 3840 502 3892 imitate·
514 3840 648 3893 Aldlrelmi
666 3857 729 3906 oper
746 3841 779 3892 de
797 3840 869 3892 laud.
886 3842 950 3909 oisy.
962 3859 993 3908 p.
1003 3843 1050 3893 ὅδε
1067 3841 1185 3907 quamvis
1202 3840 1273 3894 resti·

227 4009 279 4064 230
295 4012 330 4079 cf.
349 4011 420 4063 Mar.
434 4015 484 4065 188
492 4029 529 4078 sq.
632 4009 684 4064 234
701 4013 737 4080 cf.
759 4011 875 4079 reecpit
888 4015 930 4066 82.
1034 4009 1086 4066 235
1102 4013 1137 4080 cf.
1155 4012 1236 4066 Atat.
1254 4014 1272 4065 l.

145 4096 168 4129 o.
179 4083 241 4132 1957
259 4079 303 4145 (de
321 4098 341 4133 r.
361 4081 469 4147 Aproete)
492 4090 556 4134 tnnc
577 4097 670 4149 procus
694 4083 800 4134 advenit
822 4083 902 4134 dense
920 4082 1057 4134 comitante
1075 4091 1191 4142 catervar
1214 4081 1272 4134 Pr.-

146 4147 233 4199 Amtr.
247 4152 297 4214 2,9
313 4150 462 4216 simpliciter
479 4167 538 4202 oum
555 4151 687 4202 sodalibus
704 4153 758 4203 suis
776 4153 930 4203 iuvenculis.
1003 4149 1055 4202 242
1072 4152 1108 4217 cs.
1127 4151 1199 4202 Gall.
1211 4151 1232 4201 I
1239 4153 1273 4202 12

148 4213 196 4280 §tt
210 4219 286 4283 prim.
298 4223 348 4270 242
365 4218 559 4283 (cocheiacum
576 4223 640 4284 2,11
662 4221 725 4287 quia
741 4221 831 4272 nullus
848 4223 962 4288 speravit
977 4221 1005 4272 in
1022 4220 1153 4272 dominum
1170 4228 1197 4272 et
1213 4236 1272 4272 oon·

147 4284 218 4336 fusus
235 4295 288 4352 est,·
309 4288 399 4340 acam.
418 4287 496 4340 Scott.
514 4306 536 4342 c.
548 4291 630 4355 56,ae
649 4288 680 4340 P.
693 4289 720 4341 θ.
738 4296 796 4342 torn.
810 4289 865 4340 ΙΙΙ
873 4307 903 4356 p.
917 4292 965 4342 214
986 4290 1015 4340 in
1031 4296 1086 4341 tes
1118 4297 1204 4343 rantes
1221 4304 1272 4341 non

149 4356 331 4410 confundamur
348 4358 377 4409 in
394 4359 507 4424 aevum).
595 4355 648 4409 248
666 4359 700 4425 cf.
719 4356 786 4425 Apa.
800 4359 857 4412 333.
943 4356 995 4412 256
1012 4354 1049 4423 cf.
1091 4373 1130 4409 or.
1142 4360 1180 4411 97.

1086 4443 1117 4498 7·
