2970 4890
571 327 640 384 11³.
660 326 837 384 munaum.
1216 328 1267 384 145

6 503 60 592 IX]
77 507 118 571 28
220 504 437 570 Foarumrus.
481 498 526 580 Si,
549 507 586 563 ut
608 500 734 581 asseris,
757 497 918 564 Drusiana
940 521 992 564 me
1015 501 1187 583 suscitavit,
1207 501 1213 585 Ι
1232 506 1267 564 et

135 590 341 658 Galimschus
357 588 486 654 Christo
501 584 647 666 credidit,
668 585 672 670 Ι
691 587 791 650 vitam
806 587 941 672 repudio
959 593 1163 673 mortemque
1179 587 1266 672 eligo

136 683 262 764 sponte,
283 680 288 759 Ι
308 676 384 761 qnia
410 674 496 738 malo
523 692 588 736 non
617 692 700 753 osae,
720 671 725 756 Ι
746 693 842 758 quam
867 675 900 737 in
922 673 972 738 his
995 680 1118 738 tantam
1140 674 1266 739 habun-

137 765 252 831 danter
273 764 427 828 virtutum
449 760 587 846 gratiam
609 759 819 842 sentiscere!

70 850 112 914 29
220 849 385 915 Ionnnsus.
429 844 670 911 Oadmiranda
700 844 821 910 diaboli
848 844 986 926 invidia,
1014 846 1178 911 omalitia
1199 865 1267 911 sar-
1297 869 1310 910 s

134 937 241 1039 pontis
256 935 388 1020 antiqui,
406 933 461 1018 qui
476 938 510 996 et
524 932 733 1018 protoplastis
748 938 886 996 mortam
901 933 1084 1018 propinavit
1101 931 1105 1016 Ι
1123 939 1156 996 et
1171 953 1269 1019 super
1349 998 1353 1007 ,

135 1029 290 1089 iustorum
306 1021 410 1106 gloria
424 1039 555 1103 sempor
569 1019 683 1103 gamit!
703 1019 705 1101 Ι
723 1018 790 1082 Isto
805 1017 1041 1083 infelicissimus
1055 1018 1267 1103 Fortunatus!

136 1109 317 1174 diabolicae
341 1105 560 1171 amaritudinis
584 1105 662 1170 folle
684 1105 888 1189 plenissimus
907 1108 912 1186 Ι
932 1111 1138 1191 comparatur
1161 1105 1268 1170 malae

136 1195 245 1260 arbori
264 1197 269 1275 Ι
288 1214 416 1258 amaros
443 1192 565 1256 fructus
598 1191 737 1255 facienti.
764 1191 768 1274 Ι
793 1190 902 1271 Unde,
931 1192 1057 1256 excisus
1085 1212 1106 1255 a
1132 1192 1270 1278 collegio

135 1284 291 1347 iustorum
313 1281 317 1363 Ι
336 1286 369 1345 et
391 1279 536 1343 abiectus
560 1299 580 1341 a
596 1277 758 1342 consortio
776 1276 873 1342 deum
889 1277 1080 1360 timentium,
1101 1277 1105 1362 Ι
1125 1278 1271 1342 mittatur
1287 1306 1313 1346 ro

137 1370 172 1434 in
199 1368 322 1431 sotumi
346 1367 356 1429 i
404 1385 455 1429 em
484 1364 646 1449 supplicii,
667 1363 671 1447 Ι
693 1363 880 1428 cruciandus
907 1364 978 1428 sine
1006 1365 1140 1429 alicuius
1169 1365 1268 1429 inter-

139 1453 294 1519 mixtione
317 1473 352 1516 re
395 1451 512 1536 gerii!
743 1489 745 1493 ι
1288 1465 1336 1531 [οι.
1349 1469 1415 1517 101¹

74 1530 114 1592 30
224 1538 453 1602 Anonosrcuua.
476 1536 573 1615 Ecce,
589 1535 847 1620 turgescentibus
861 1536 865 1619 Ι
878 1535 1070 1621 serpentinis
1086 1536 1269 1621 morsibus!

139 1625 181 1691 ad
204 1644 353 1689 occasum
376 1643 484 1687 rursus
506 1623 649 1708 vergitur
668 1620 672 1706 1
693 1629 727 1687 et
750 1622 843 1686 citius
866 1620 951 1686 dicto
974 1623 1137 1688 morietur.
1157 1624 1163 1703 Ι

225 1710 388 1777 Iounnnas.
432 1708 589 1772 Moriatur
604 1709 709 1792 sitque
723 1709 829 1772 incola
844 1709 1025 1793 gehennae,
1045 1711 1049 1793 Ι
1070 1709 1125 1794 qui
1139 1714 1272 1795 propter
1289 1733 1314 1773 ιε

139 1797 237 1863 alieni
258 1795 410 1861 invidiam
433 1795 597 1879 proiectus
618 1797 779 1859 recusavit
800 1796 918 1860 vivere.
940 1794 944 1878 Ι

226 1883 457 1947 Auonorucuus.
502 1881 696 1962 Terribilel

9 1954 123 2082 mg}
200 1969 391 2136 ᾖΙοιΙῑΑΝΝεε.
440 1966 528 2031 Nihil
554 1967 727 2031 terribilius
754 1966 873 2049 invido,
893 1970 898 2048 Ι
917 1967 996 2031 nihil
1024 1967 1191 2032 scelestius
1219 1988 1272 2032 su-

165 2075 200 2120 ar
224 2075 253 2118 o.

140 2077 162 2142 p
227 2141 454 2204 Anonourcrrus.
500 2138 647 2223 Uterque
668 2138 868 2204 miserabilis.
1290 2160 1317 2201 so

227 2227 390 2291 Ionannas.
413 2224 487 2288 Una
503 2224 683 2310 eademque
698 2245 837 2311 persona
851 2231 987 2311 utroquo
1002 2246 1132 2312 semper
1145 2225 1273 2290 laborat

142 2313 230 2392 vitio,
250 2316 256 2392 Ι
275 2312 350 2396 quia
372 2318 520 2376 neutrum
543 2312 612 2374 sine
636 2312 773 2393 altaro}

244 2398 484 2478 Aunaourcuusb
530 2397 668 2483 Expone
692 2398 898 2461 enucleatius.

231 2399 422 2634 Qousnuas.)
468 2483 553 2546 Nam
576 2484 630 2567 qui
652 2485 812 2568 superbit,
839 2483 975 2563 invidet,
1006 2488 1039 2546 ct
1066 2485 1120 2568 qni
1140 2481 1273 2563 invidet,

144 2590 241 2656 super
263 2571 297 2652 it,
321 2570 396 2654 quia
418 2590 509 2633 mens
530 2568 650 2651 invida,
674 2568 750 2634 dum
773 2571 912 2634 alienam
927 2568 1057 2633 laudem
1080 2590 1140 2634 nec
1154 2570 1275 2655 patitur
1292 2589 1317 2630 ss

144 2657 266 2736 audire,
286 2661 292 2736 Ι
312 2663 345 2720 et
367 2657 400 2719 in
422 2658 471 2720 aui
487 2657 728 2740 comparatione
744 2656 954 2741 perfectiores
970 2655 1072 2719 ambit
1086 2653 1273 2756 vilescere}

144 2742 337 2828 dedignatur
364 2743 464 2806 subici
492 2740 691 2826 dignioribus
710 2746 715 2822 Ι
735 2749 769 2807 et
795 2744 935 2828 superbe
966 2748 1099 2806 conatur
1120 2741 1276 2826 praciam

145 2830 382 2914 comparibus!

229 2914 458 2979 Auononruuus.
504 2913 609 2977 Patet.

82 2995 122 3056 32
229 3001 392 3065 Iounnsns.
450 2998 544 3063 Unde
577 3001 638 3064 iste
674 2999 871 3064 miserrimus
898 2999 1127 3064 vulnerabatur
1155 3003 1275 3080 mente,
1294 3023 1320 3062 so

145 3087 221 3173 quia
243 3086 342 3151 saliis
364 3086 549 3150 inferiorem
580 3087 743 3150 aestimari
764 3107 829 3149 non
856 3087 1015 3169 sustinuit,
1034 3088 1040 3170 Ι
1058 3087 1091 3151 in
1115 3086 1185 3172 quis
1207 3106 1276 3151 am·

145 3175 279 3260 pliorem
303 3171 356 3236 dei
378 3172 516 3257 gratiam
538 3173 647 3236 lucere
669 3193 733 3237 non
754 3173 898 3236 nescivit.
919 3173 924 3256 Ι
943 3241 945 3244 .

230 3260 459 3324 evomamus.
510 3256 603 3322 Nunc
631 3259 763 3322 tandem
790 3259 958 3343 intellego,
988 3259 1074 3343 quod
1101 3259 1185 3322 inter
1206 3280 1276 3323 sur·

145 3353 260 3431 gantas
283 3346 414 3409 minime
439 3350 488 3408 est
512 3351 727 3431 computatus,
747 3348 752 3425 Ι
773 3347 847 3431 quia
870 3347 957 3410 ocius
980 3353 1050 3411 erat
1072 3344 1275 3429 moriturus!

229 3432 395 3496 Ionnnnss.
451 3430 577 3515 Dignus
612 3437 661 3495 est
697 3433 782 3495 onim
815 3439 951 3517 utraque
982 3439 1100 3511 morte,
1136 3433 1211 3516 quia
1245 3437 1279 3496 et
1296 3459 1322 3502 ss

149 3515 408 3581 commendatum
430 3515 525 3580 funus
540 3518 706 3583 afficiebat
722 3519 845 3595 iniuria,
870 3525 903 3584 et
917 3523 1124 3605 resurgentes
1138 3519 1255 3582 iniusto
1273 3516 1277 3600 Ι

146 3603 363 3667 insectabatur
387 3602 472 3668 odio.
492 3606 497 3682 Ι

233 3689 464 3753 Anononrcuue.
508 3688 628 3752 Infelix
652 3696 702 3753 est
723 3695 876 3755 mortuus.
897 3690 902 3771 Ι

85 3775 123 3840 33
229 3776 393 3839 Ionsunss.
443 3773 649 3839 Recedamus
674 3779 679 3854 Ι
704 3796 861 3861 suumque
895 3774 1024 3841 diabolo
1051 3775 1151 3839 filium
1182 3776 1278 3840 relin-

151 3883 293 3946 quamus.
314 3865 319 3941 Ι
339 3861 408 3924 Nos
431 3867 539 3925 autem
564 3862 650 3925 diem
675 3862 780 3944 istum,
805 3868 838 3926 et
858 3882 916 3948 pro
939 3860 1085 3926 miranda
1104 3859 1280 3925 Galimachi
1296 3892 1324 3931 so

233 4033 250 4086 2
274 4035 353 4085 vitam
379 4035 483 4100 repudio
499 4029 504 4099 Ι
519 4043 677 4100 mortemque
700 4043 790 4100 sponte
812 4035 879 4102 eligo
894 4034 898 4098 Ι
914 4035 988 4100 dl‘p'
1079 4033 1096 4085 3
1117 4042 1216 4086 tantam
1239 4032 1282 4096 (aa

146 4112 246 4155 tantum
272 4103 353 4168 corr.)
376 4103 530 4154 habundani
553 4100 581 4167 (i.
599 4119 620 4154 a.
645 4106 722 4159 -ntsrl
747 4105 783 4155 aia
808 4104 850 4165 M,·
872 4112 972 4156 tantum
990 4120 1012 4170 p
1098 4102 1115 4155 9
1136 4104 1221 4155 ardori
1238 4102 1281 4151 Μι

146 4170 179 4224 23
190 4190 226 4237 sq.
246 4173 432 4223 Anonommros
451 4180 475 4223 et
493 4175 622 4223 lousnnus
640 4172 703 4223 odd.
724 4171 803 4226 Galles

231 4307 248 4359 8
266 4310 299 4374 cf.
318 4308 382 4361 law.
395 4313 516 4376 13,6aqq.

199 4396 389 4446 Hsovsvmsau
406 4409 497 4449 ossan
1091 4391 1125 4448 10
