2970 4890
156 613 199 653 185

630 327 643 381 Ι
660 328 685 380 4.
703 327 839 397 Pelagius.

267 499 336 564 Vel
359 498 447 586 quod
469 498 632 582 Pelagius,
656 495 773 564 Christi
796 522 854 586 pro
878 503 953 586 lege
975 500 1149 586 necandus,

270 585 373 651 Forte
396 586 503 651 locum
526 589 664 670 peteret,
689 606 751 670 quo
776 608 811 651 se
834 589 930 652 morti
954 587 1031 651 dare
1053 597 1165 673 posset

272 671 410 736 Necnon
433 672 645 756 sanguineum
669 692 726 756 pro
751 671 878 737 Christo
902 674 1038 738 fundere
1063 676 1175 755 rivum,

270 757 311 822 In
334 757 458 822 endens
479 759 619 822 animam
643 756 781 838 dominc,
806 760 889 823 bene
914 766 1017 824 morte
1041 761 1173 846 piatam.

346 851 494 929 catqnam
517 864 576 908 rex
598 843 713 907 urbem
736 846 844 929 tetigit
866 867 983 911 saevus
1006 847 1213 934 locupletem,

273 929 410 995 Portans
432 932 636 1016 praeclarum
659 931 743 993 iusta
766 931 806 994 de
830 939 929 1016 gente
954 934 1160 1019 triumphum,

271 1015 364 1080 Ilicet
387 1017 556 1101 egregium
581 1014 699 1079 Christi
721 1020 889 1103 praecepit
912 1020 1050 1082 amicum

275 1100 420 1167 Carceris
442 1103 475 1166 in
497 1103 649 1167 tenebras
672 1104 812 1168 vinctum
835 1106 1045 1189 submergere
1068 1107 1176 1190 nigras

275 1187 472 1274 Deliciisque
496 1189 568 1253 cibo
590 1188 744 1252 nutritum
767 1211 902 1275 pascere
925 1212 1035 1276 perso,

319 1272 471 1339 Corduba
493 1294 632 1360 namque
655 1275 761 1338 locum
785 1285 894 1341 servat
916 1278 975 1341 sub
998 1278 1119 1342 fornice
1144 1286 1273 1360 tetrum,

201 1419 203 1428 Α
277 1358 420 1425 Oblitum
443 1362 522 1425 lucis
545 1361 833 1447 consignatumque
858 1364 1009 1442 tenebris,

273 1444 417 1511 Maxima
440 1448 494 1532 qui
516 1448 641 1511 miseris
664 1448 766 1511 fertur
789 1450 857 1513 fore
882 1471 978 1514 causa
1002 1449 1130 1514 doloris.

273 1530 344 1597 Illic
367 1534 519 1617 Pelagius
542 1534 749 1619 praepollens
773 1537 861 1619 pacis
884 1537 1032 1600 alumnus

275 1615 452 1702 Clauditur,
475 1620 610 1704 imperio
634 1621 720 1702 regis
744 1628 881 1704 cogente
904 1622 1054 1685 nefando.
1300 1643 1412 1708 som

274 1702 345 1769 Illic
368 1726 446 1790 ergo
468 1707 529 1769 viri
551 1713 710 1770 venerunt
732 1706 845 1771 sedulo
869 1708 973 1792 primi,

275 1789 446 1856 Mulcendc
469 1798 611 1855 mentem
636 1793 758 1856 iuvenis
782 1815 879 1857 causa
902 1795 1041 1879 pietatis.

274 1961 409 2027 Necnon
431 1963 613 2048 praedulcis
636 1972 820 2047 gustassent
840 1967 940 2050 ipsius
964 1968 1027 2030 oris

274 2047 418 2114 Verbule
441 2050 623 2114 rhetoricae
648 2052 824 2115 circumlita
848 2054 943 2116 melle
968 2055 1128 2139 loquelae,

274 2133 440 2220 Optabant
462 2138 604 2221 speciem
628 2137 739 2201 vinclis
762 2139 932 2202 absolvere
957 2141 1067 2221 talem,

272 2219 365 2286 Haec
388 2228 422 2286 et
444 2229 613 2286 suaserunt
635 2225 705 2307 regi
727 2225 789 2287 iam
815 2233 943 2310 sceptra
966 2226 1088 2290 tenenti
1112 2261 1151 2269 —

271 2305 382 2391 Ipsum
406 2309 508 2372 felicis
531 2316 619 2373 certe
643 2330 801 2373 summum
825 2320 921 2396 caput
945 2313 1032 2375 urbis

274 2392 468 2480 Corruptum
490 2395 575 2459 vitiis
599 2397 840 2478 cognoscebant
864 2397 1037 2461 Sodomitis

272 2479 446 2544 Formosos
468 2482 551 2544 facie
574 2482 708 2545 iuvenes
731 2482 885 2546 ardenter
906 2505 1015 2547 amere

272 2564 343 2629 Hcs
365 2574 398 2631 et
421 2568 582 2632 amicitiae
605 2569 754 2653 propriae
779 2570 974 2652 coniungere
998 2571 1100 2645 velle;

272 2651 376 2716 Huius
397 2675 536 2739 nemque
560 2656 607 2718 rei
631 2676 801 2732 memores,
826 2656 933 2718 animo
957 2657 1122 2721 miseranti

275 2736 380 2802 Causa
402 2741 528 2825 Pelagii
552 2749 720 2804 suaserunt
743 2743 820 2804 talia
843 2742 924 2824 regi:

317 2824 401 2889 ‘Non
421 2826 517 2891 decet
539 2848 617 2911 ergo
634 2834 733 2908 tuum,
757 2829 905 2911 princeps
921 2827 1101 2906 fortissime,
1126 2835 1298 2914 sceptrum,

273 2910 405 2977 Duriter
427 2920 463 2977 ut
485 2934 620 2998 puerum
642 2913 777 2976 mandes
800 2916 913 2997 punire
937 2912 1100 2994 decorum,

275 2996 404 3063 Obsidis
428 3005 461 3063 et
484 3006 613 3063 teneros
635 3000 768 3063 insontis
792 3001 949 3084 stringere
974 3019 1099 3063 nervos.

273 3081 350 3148 Eius
373 3085 588 3170 praenitidam
612 3087 712 3150 velles
736 3088 761 3149 si
786 3106 918 3149 cernere
942 3085 1078 3151 formam

273 3167 317 3232 Et
339 3177 405 3234 tarn
429 3172 586 3235 mellitam
609 3173 723 3236 saltem
747 3179 879 3255 gustare
903 3173 1077 3257 loquelam,

274 3253 378 3327 Quem
402 3278 537 3342 cuperes
560 3259 709 3321 iuvenem
732 3258 861 3323 tibimet
884 3259 1078 3342 coniungere
1103 3261 1212 3324 talem.

274 3339 384 3406 Gradu
406 3345 541 3408 militiae
564 3365 689 3408 necnon
712 3366 877 3408 assumere
900 3346 1034 3429 primae,

274 3425 320 3491 Co
361 3450 415 3493 ore
439 3430 609 3494 candidulo
633 3431 691 3494 tibi
715 3452 777 3516 quo
803 3432 939 3495 serviret
961 3433 994 3495 in
1016 3431 1120 3496 aula!>

349 3516 376 3578 is
398 3537 457 3580 rex
479 3518 620 3580 mollitus
644 3516 746 3595 dictis,
769 3518 830 3581 hac
853 3539 933 3581 voce
958 3526 1099 3599 coactus,

274 3599 371 3664 Iussit
394 3602 561 3687 Pelagium
586 3602 678 3666 nodis
702 3604 843 3667 evellere
868 3603 955 3667 duris

273 3685 442 3772 Omneque
468 3689 564 3774 (cum)
590 3692 719 3754 lavacro
744 3711 859 3776 corpus
883 3690 1056 3775 detergere
1080 3710 1171 3775 puro,

245 3886 305 3942 poet
330 3898 352 3929 v.
377 3879 426 3930 199
450 3898 550 3931 cereum
574 3881 732 3932 intercidisse
753 3882 877 3933 intellexit
902 3879 982 3931 Celtas
1004 3880 1067 3945 (Qui
1091 3898 1151 3932 cum
1176 3879 1300 3932 vidissent

161 3947 347 4079 1qqqliteuqqlcopti
360 3949 515 4067 speciosum)
585 3948 837 4002 2020bs01uer0n1
903 3948 955 4000 205
973 3951 1033 4001 uilis
1051 3951 1079 4000 ic
1097 3951 1163 4001 ueiis
1181 3967 1249 4001 corr.
1262 3949 1301 4010 M,

385 4017 417 4067 0?
437 4021 573 4086 coningere
591 4019 625 4068 M
715 4017 767 4070 210
785 4018 914 4072 Condecet
931 4018 973 4068 Μ1
1060 4017 1113 4070 220
1130 4037 1189 4070 cum
1208 4018 1301 4069 addidi

253 4166 302 4219 184
316 4170 349 4235 cf.
364 4169 419 4222 Pel.
429 4173 484 4222 332.
551 4170 599 4223 191
613 4174 648 4239 cf.
663 4172 740 4222 Dion.
751 4177 804 4223 166.
870 4167 921 4221 193
932 4173 967 4236 ef.
980 4169 1063 4221 Prud.
1076 4173 1156 4235 steph.
1165 4177 1299 4236 5,241aqq.

163 4234 216 4287 195
233 4238 268 4303 ef.
287 4237 355 4303 Apu.
368 4244 420 4291 117.
433 4243 490 4291 314.
559 4239 610 4292 207
629 4241 829 4305 euphemiamusr
847 4242 881 4307 es.
899 4239 961 4290 adn.
979 4239 1015 4289 od
1032 4240 1103 4290 Mor.
1116 4245 1157 4303 82,
1176 4251 1199 4293 et
1217 4240 1298 4290 Prad.

162 4304 243 4371 steph.
256 4310 293 4370 11,
303 4311 334 4358 16
351 4324 415 4372 quos
434 4311 551 4377 propriae
569 4313 654 4361 iunxit
671 4313 800 4363 amicitiae
819 4310 864 4374 (se.
886 4308 1022 4373 Cdrietw.
