2970 4890
569 360 582 414 Ι
601 359 624 414 7.
642 359 800 429 Dionysiae.

114 565 156 607 uo
268 532 330 598 His
352 552 459 619 papae
484 531 609 597 blandis
633 534 763 618 praesul
786 534 924 598 monitus
947 534 1098 617 suadelis,

227 619 392 686 Occiduae
415 620 496 683 fines
518 621 618 705 partis
641 620 776 684 festinus
799 619 908 684 adivit.

226 707 399 773 Moenibus
422 713 520 791 atque
542 705 634 770 Paris
657 726 805 790 gressum
827 728 905 771 mox
927 706 1033 771 intulit
1054 707 1153 789 urbis,

226 795 265 859 In
287 813 351 879 qua
374 793 499 869 crebro,
523 792 586 857 loci
608 812 666 878 pro
689 793 856 857 fertilitate
879 793 999 873 decori,

227 881 394 946 Gallorum
416 899 568 965 proceres
592 887 783 943 concurrunt
805 880 935 965 saepius
958 899 1080 946 omnes.

225 967 288 1032 Hic
309 967 365 1030 ubi
388 965 486 1030 divini
509 966 617 1050 coepit
639 985 730 1029 saera
752 966 876 1030 semina
898 967 990 1031 verbi
1254 961 1302 1030 101·
1316 968 1369 1018 ⁶⁵*

228 1053 251 1118 S
276 1073 402 1138 argere,
426 1053 589 1136 signorum
612 1072 691 1115 mox
713 1072 869 1117 exercere
893 1053 1063 1137 perillum

229 1075 372 1205 Obristus
394 1140 529 1203 virtutes
552 1137 746 1222 dignabatur
767 1139 820 1224 pie
867 1139 962 1217 lares,

229 1226 300 1301 Quo
323 1232 413 1290 tanto
437 1224 542 1311 plebis
564 1226 755 1289 mollescere
778 1159 877 1290 corda
898 1224 1027 1289 rebellis

228 1313 282 1378 Ad
304 1313 432 1376 veniam
454 1317 596 1397 possent,
620 1320 739 1396 quanto
763 1311 876 1375 erebro
900 1312 993 1396 signa
1014 1313 1170 1379 viderent.

274 1399 337 1464 Ast
357 1399 413 1462 ubi
436 1398 597 1462 credentis
621 1418 773 1462 numerus
795 1399 906 1484 populi
929 1399 1034 1483 magis
1056 1408 1169 1466 auctus

227 1487 408 1572 Inspirante
433 1483 503 1548 dies
526 1484 654 1549 Christo
678 1485 832 1549 crevisset
853 1487 886 1550 in
909 1505 1030 1563 annues,

228 1573 399 1638 Intremuit
421 1592 519 1656 super
540 1571 602 1636 hoe
624 1573 743 1635 veteris
767 1573 853 1635 fraus
876 1591 974 1634 saeva
997 1570 1154 1656 draconis,

229 1658 428 1744 Dedignans‚
451 1660 575 1722 animas
598 1677 670 1721 sese
693 1659 758 1721 iam
781 1657 919 1744 perdere
943 1663 1058 1739 tantas,

231 1744 320 1819 Quas
343 1746 431 1831 prius
453 1765 597 1808 errorum
620 1744 745 1829 laqueis
767 1743 920 1830 capiebat
942 1746 1069 1811 amaris.

229 1831 315 1896 Hinc
337 1837 431 1917 pater
453 1833 523 1917 ipse
547 1831 623 1911 doli,
646 1832 777 1895 sceleris
800 1831 977 1915 doctorque
999 1833 1142 1919 maligni,

230 1918 391 1982 Provocat
412 1919 565 1981 iniustum
587 1937 700 2000 regem
722 1938 800 1981 mox
824 1917 1054 1999 Domitianum,

233 2003 431 2069 Christicolis
455 2003 562 2069 edicta
585 2006 673 2068 necis
696 2004 818 2069 dictare
842 2004 966 2068 ferocis.

232 2090 304 2170 Qui,
328 2091 460 2155 decreta
481 2111 541 2176 per
563 2111 658 2155 omne
682 2111 774 2154 suum
796 2091 928 2155 mittens
950 2091 1035 2155 mala
1058 2111 1205 2177 reguum,

232 2175 350 2241 Christi
373 2177 511 2243 cultores
534 2178 629 2241 morti
652 2177 885 2263 dampnaverat
908 2197 1030 2243 omnes.

236 2262 334 2328 Cuius
356 2270 531 2350 praecepto
554 2263 709 2328 Sisiunius
733 2284 812 2348 ergo
834 2262 975 2328 nefando

232 2349 371 2415 Praeses
394 2371 583 2415 eonsensum
606 2350 767 2436 praebens
791 2351 946 2436 extimplo
969 2351 1146 2433 malignum

232 2437 421 2502 Pontificem
444 2438 644 2523 praesentari
667 2437 807 2501 vinctum
830 2436 921 2500 iubet
944 2436 999 2500 illi.

233 2521 338 2595 Quem
361 2525 430 2588 fore
455 2523 620 2587 Gallorum
644 2525 796 2608 cognovit
817 2524 878 2587 rite
901 2523 1107 2672 magistrum

232 2612 281 2674 Ac
303 2611 441 2697 primum
463 2610 572 2694 flagris
594 2617 770 2675 mactatum
793 2610 932 2695 denique
978 2609 1041 2671 uris

235 2695 369 2761 Necnon
392 2697 556 2782 suppliciis
579 2697 731 2760 affectum
755 2696 868 2760 crebro
892 2695 1031 2760 cruentis

235 2781 380 2848 Carceris
404 2785 436 2848 in
458 2783 610 2847 tenebras
633 2784 725 2847 iussit
747 2781 931 2847 concludier
952 2787 1049 2861 atras,

232 2868 336 2953 Ipsius
360 2869 594 2956 condiscipulos
618 2871 738 2954 pariter
760 2889 888 2954 qnoque
911 2868 1014 2948 binos,

232 2954 319 3029 Quos
342 2977 516 3044 numquam
540 2977 613 3020 caro
637 2977 706 3020 sors
729 2957 816 3040 cogit
837 2955 954 3019 abesse
976 2954 1140 3040 magistro.

232 3041 298 3106 Sed
320 3064 382 3108 nec
404 3045 561 3108 carcereis
583 3045 714 3129 praesul
735 3043 918 3128 praeclarus
940 3041 973 3104 in
997 3042 1095 3105 antris
1257 3051 1306 3119 fol.
1320 3058 1370 3107 σοι

231 3127 365 3195 Destitit
387 3130 577 3215 obsequium
601 3129 730 3193 domino
753 3129 939 3214 persolvere
963 3127 1111 3214 dignum

232 3214 298 3280 Sed
321 3217 431 3281 docuit
452 3217 583 3302 plebem
607 3215 749 3281 studiose
772 3216 1029 3297 convenientem,

232 3304 282 3367 Ac
306 3303 450 3368 celebrat
473 3324 584 3368 sacrae
607 3304 701 3368 solito
726 3303 918 3389 sollempnia
939 3302 1067 3368 missae.

231 3388 294 3453 Ast
315 3391 371 3454 ubi
395 3391 569 3455 caelestem
593 3390 736 3454 debebat
758 3390 908 3474 frangere
930 3408 1060 3473 panem,

234 3476 308 3540 Lux
330 3496 414 3540 nova
437 3478 580 3541 tristifico
604 3477 710 3541 subito
734 3476 881 3560 fulgebat
903 3477 936 3539 in
959 3483 1065 3551 antro:

231 3563 270 3627 In
293 3584 357 3648 qua
379 3563 526 3627 sidereae
549 3568 703 3648 regnator
725 3561 912 3647 splendidus
934 3563 1040 3643 aulae,

232 3648 363 3715 Scilicet
386 3651 534 3735 angelica
556 3652 678 3736 pariter
700 3649 873 3713 comitante
897 3655 1028 3713 caterva

232 3735 416 3822 Apparens‚
440 3758 547 3801 carum
570 3736 798 3801 consolabatur
820 3736 995 3814 alumnum,

231 3822 416 3910 Sanctaque
441 3822 521 3887 dans
544 3824 599 3896 illi,
622 3823 786 3887 mulcebat
810 3823 928 3887 famine
953 3822 1024 3886 tali:

209 4007 260 4061 143
271 4006 325 4076 pro]
337 4023 358 4074 p
370 4009 406 4060 ric
418 4008 452 4058 M
524 4005 575 4060 164
586 4010 625 4059 Aa
637 4024 668 4060 aa
680 4025 747 4060 corr.
763 4006 797 4057 M
864 4004 915 4059 168
927 4022 982 4058 sore
993 4006 1029 4057 eie
1041 4005 1085 4070 M3
1098 4005 1133 4070 cs.
1146 4004 1181 4056 ad
1192 4022 1215 4057 o.
1226 4007 1259 4057 83

209 4145 258 4198 141
281 4147 316 4213 ef.
334 4147 411 4199 Diem
425 4151 485 4210 1163
508 4147 718 4212 pertaedeat
823 4141 919 4209 143sq.
943 4145 978 4211 cf.
997 4143 1096 4196 Hildw.
1121 4143 1170 4210 fol.
1183 4146 1258 4194 106¹.

120 4215 362 4283 1450f.1>1·on.44.
442 4213 493 4267 166
505 4217 540 4282 ef.
552 4215 608 4268 Pel.
619 4218 674 4267 191.
755 4209 806 4266 167
818 4231 852 4266 ac.
865 4213 998 4266 Baeticam
1010 4210 1258 4279 archipresbyterum

120 4294 145 4339 et
163 4284 344 4336 firmatorium
362 4285 583 4344 archidiaconem
605 4285 640 4351 cf.
659 4283 757 4334 ffildar.
790 4284 824 4334 ol.
837 4287 912 4335 110¹.
1000 4279 1050 4333 172
1072 4282 1106 4347 cf.
1125 4279 1189 4331 Bae.
1203 4283 1256 4331 166.

121 4353 235 4420 173399.
254 4355 288 4420 cs.
307 4354 554 4422 Httaw.fol.115v.
642 4350 692 4404 176
710 4353 745 4419 of.
791 4354 842 4404 ion.
852 4355 891 4405 36.
