<?xml version="1.0" encoding="UTF-8"?>
<!DOCTYPE html PUBLIC "-//W3C//DTD XHTML 1.0 Transitional//EN"
    "http://www.w3.org/TR/xhtml1/DTD/xhtml1-transitional.dtd">
<html xmlns="http://www.w3.org/1999/xhtml" xml:lang="en" lang="en">
 <head>
  <title>
</title>
<meta http-equiv="Content-Type" content="text/html;charset=utf-8" />
  <meta name='ocr-system' content='tesseract 3.04.00' />
  <meta name='ocr-capabilities' content='ocr_page ocr_carea ocr_par ocr_line ocrx_word'/>
</head>
<body>
  <div class='ocr_page' id='page_1' title='image "./hrotsvithaeoper00hrotgoog/hrotsvithaeoper00hrotgoog_0166.png"; bbox 0 0 2970 4890; ppageno 0'>
   <div class='ocr_carea' id='block_1_1' title="bbox 604 352 1286 420">
    <p class='ocr_par' dir='ltr' id='par_1_1' title="bbox 604 352 1286 420">
     <span class='ocr_line' id='line_1_1' title="bbox 604 352 1286 420; baseline 0.004 -6"><span class='ocrx_word' id='word_1_1' title='bbox 604 359 631 414; x_wconf 94' lang='lat'><strong>11</strong></span> <span class='ocrx_word' id='word_1_2' title='bbox 648 361 674 415; x_wconf 74' lang='lat'><strong>2.</strong></span> <span class='ocrx_word' id='word_1_3' title='bbox 691 359 840 416; x_wconf 63' lang='lat' dir='ltr'><strong>Daldtiua</strong></span> <span class='ocrx_word' id='word_1_4' title='bbox 915 352 918 357; x_wconf 19' lang='grc' dir='ltr'><strong>Δ</strong></span> <span class='ocrx_word' id='word_1_5' title='bbox 1236 363 1286 420; x_wconf 84' lang='grc'><strong>131</strong></span> 
     </span>
    </p>
   </div>
   <div class='ocr_carea' id='block_1_2' title="bbox 38 529 1331 1051">
    <p class='ocr_par' dir='ltr' id='par_1_2' title="bbox 38 529 1331 1051">
     <span class='ocr_line' id='line_1_2' title="bbox 38 529 1287 617; baseline 0.003 -21"><span class='ocrx_word' id='word_1_6' title='bbox 38 536 128 604; x_wconf 79' lang='lat' dir='ltr'><strong>VIII</strong></span> <span class='ocrx_word' id='word_1_7' title='bbox 239 553 368 598; x_wconf 77' lang='lat' dir='ltr'><strong>murres.</strong></span> <span class='ocrx_word' id='word_1_8' title='bbox 412 532 546 597; x_wconf 77' lang='lat' dir='ltr'>Frustra</span> <span class='ocrx_word' id='word_1_9' title='bbox 567 529 729 613; x_wconf 87' lang='lat' dir='ltr'><strong>sudamus,</strong></span> <span class='ocrx_word' id='word_1_10' title='bbox 750 531 755 616; x_wconf 96' lang='grc' dir='ltr'>Ι</span> <span class='ocrx_word' id='word_1_11' title='bbox 773 533 807 596; x_wconf 92' lang='lat' dir='ltr'><strong>in</strong></span> <span class='ocrx_word' id='word_1_12' title='bbox 822 551 939 598; x_wconf 84' lang='lat' dir='ltr'><strong>vanum</strong></span> <span class='ocrx_word' id='word_1_13' title='bbox 954 531 1153 598; x_wconf 76' lang='lat' dir='ltr'><strong>laboramus:</strong></span> <span class='ocrx_word' id='word_1_14' title='bbox 1175 532 1180 617; x_wconf 92' lang='grc' dir='ltr'>Ι</span> <span class='ocrx_word' id='word_1_15' title='bbox 1200 554 1287 616; x_wconf 88' lang='lat' dir='ltr'><strong>ecce,</strong></span> 
     </span>
     <span class='ocr_line' id='line_1_3' title="bbox 152 618 1287 705; baseline 0 -20"><span class='ocrx_word' id='word_1_16' title='bbox 152 620 349 685; x_wconf 84' lang='lat' dir='ltr'><strong>vestimenta</strong></span> <span class='ocrx_word' id='word_1_17' title='bbox 369 619 546 704; x_wconf 71' lang='lat' dir='ltr'><strong>{virgineis</strong></span> <span class='ocrx_word' id='word_1_18' title='bbox 570 618 756 703; x_wconf 83' lang='lat' dir='ltr'>corporibus</span> <span class='ocrx_word' id='word_1_19' title='bbox 777 618 948 684; x_wconf 80' lang='lat' dir='ltr'><strong>inhaerent</strong></span> <span class='ocrx_word' id='word_1_20' title='bbox 970 621 1060 684; x_wconf 83' lang='lat' dir='ltr'><strong>velut</strong></span> <span class='ocrx_word' id='word_1_21' title='bbox 1082 621 1183 695; x_wconf 91' lang='lat' dir='ltr'><strong>coria;</strong></span> <span class='ocrx_word' id='word_1_22' title='bbox 1202 622 1208 705; x_wconf 95' lang='grc' dir='ltr'>Ι</span> <span class='ocrx_word' id='word_1_23' title='bbox 1228 620 1287 686; x_wconf 90' lang='lat' dir='ltr'><strong>sed</strong></span> 
     </span>
     <span class='ocr_line' id='line_1_4' title="bbox 153 703 1288 792; baseline 0.002 -22"><span class='ocrx_word' id='word_1_24' title='bbox 153 713 188 770; x_wconf 91' lang='lat' dir='ltr'><strong>et</strong></span> <span class='ocrx_word' id='word_1_25' title='bbox 210 707 294 792; x_wconf 90' lang='lat' dir='ltr'><strong>ipse,</strong></span> <span class='ocrx_word' id='word_1_26' title='bbox 330 706 384 789; x_wconf 93' lang='lat' dir='ltr'><strong>qui</strong></span> <span class='ocrx_word' id='word_1_27' title='bbox 416 726 474 769; x_wconf 91' lang='lat' dir='ltr'><strong>nos</strong></span> <span class='ocrx_word' id='word_1_28' title='bbox 497 703 540 768; x_wconf 92' lang='lat' dir='ltr'><strong>ad</strong></span> <span class='ocrx_word' id='word_1_29' title='bbox 568 703 798 790; x_wconf 85' lang='lat' dir='ltr'><strong>expoliandum</strong></span> <span class='ocrx_word' id='word_1_30' title='bbox 829 705 981 790; x_wconf 82' lang='lat' dir='ltr'><strong>urgebat,</strong></span> <span class='ocrx_word' id='word_1_31' title='bbox 1012 726 1144 792; x_wconf 88' lang='lat' dir='ltr'><strong>praeses</strong></span> <span class='ocrx_word' id='word_1_32' title='bbox 1171 711 1288 772; x_wconf 87' lang='lat' dir='ltr'><strong>stertet</strong></span> 
     </span>
     <span class='ocr_line' id='line_1_5' title="bbox 151 789 1286 879; baseline 0.001 -23"><span class='ocrx_word' id='word_1_33' title='bbox 151 791 297 857; x_wconf 88' lang='lat' dir='ltr'><strong>sedendo</strong></span> <span class='ocrx_word' id='word_1_34' title='bbox 311 789 315 876; x_wconf 97' lang='grc' dir='ltr'>Ι</span> <span class='ocrx_word' id='word_1_35' title='bbox 329 812 390 856; x_wconf 90' lang='lat' dir='ltr'><strong>nec</strong></span> <span class='ocrx_word' id='word_1_36' title='bbox 410 792 570 855; x_wconf 89' lang='lat' dir='ltr'><strong>ullatenus</strong></span> <span class='ocrx_word' id='word_1_37' title='bbox 593 791 727 854; x_wconf 85' lang='lat' dir='ltr'><strong>excitari</strong></span> <span class='ocrx_word' id='word_1_38' title='bbox 773 796 857 855; x_wconf 85' lang='lat' dir='ltr'><strong>otest</strong></span> <span class='ocrx_word' id='word_1_39' title='bbox 873 812 893 855; x_wconf 88' lang='lat' dir='ltr'><strong>a</strong></span> <span class='ocrx_word' id='word_1_40' title='bbox 909 812 1031 856; x_wconf 93' lang='lat' dir='ltr'><strong>somno.</strong></span> <span class='ocrx_word' id='word_1_41' title='bbox 1052 792 1057 876; x_wconf 99' lang='grc' dir='ltr'>Ι</span> <span class='ocrx_word' id='word_1_42' title='bbox 1076 791 1131 856; x_wconf 84' lang='lat' dir='ltr'><strong>Ad</strong></span> <span class='ocrx_word' id='word_1_43' title='bbox 1145 793 1286 879; x_wconf 90' lang='lat' dir='ltr'><strong>impera·</strong></span> 
     </span>
     <span class='ocr_line' id='line_1_6' title="bbox 151 812 1331 1046; baseline 0 -102"><span class='ocrx_word' id='word_1_44' title='bbox 151 885 257 1028; x_wconf 74' lang='lat' dir='ltr'><strong>torlem</strong></span> <span class='ocrx_word' id='word_1_45' title='bbox 274 876 430 1046; x_wconf 66' lang='lat' dir='ltr'><strong>adolemus</strong></span> <span class='ocrx_word' id='word_1_46' title='bbox 450 885 455 954; x_wconf 90' lang='grc' dir='ltr'>Ι</span> <span class='ocrx_word' id='word_1_47' title='bbox 474 878 601 964; x_wconf 90' lang='lat' dir='ltr'><strong>ipsique</strong></span> <span class='ocrx_word' id='word_1_48' title='bbox 621 812 770 961; x_wconf 72' lang='lat' dir='ltr'><strong>(serieml</strong></span> <span class='ocrx_word' id='word_1_49' title='bbox 782 897 898 959; x_wconf 89' lang='lat' dir='ltr'><strong>rerum,</strong></span> <span class='ocrx_word' id='word_1_50' title='bbox 923 898 1006 964; x_wconf 90' lang='lat' dir='ltr'><strong>quae</strong></span> <span class='ocrx_word' id='word_1_51' title='bbox 1022 884 1186 963; x_wconf 81' lang='lat' dir='ltr'><strong>geruntur,</strong></span> <span class='ocrx_word' id='word_1_52' title='bbox 1209 899 1285 965; x_wconf 90' lang='lat' dir='ltr'><strong>pro·</strong></span> <span class='ocrx_word' id='word_1_53' title='bbox 1318 890 1331 930; x_wconf 74' lang='lat'><strong>⁸</strong></span> 
     </span>
     <span class='ocr_line' id='line_1_7' title="bbox 151 985 309 1051; baseline -0.019 -21"><span class='ocrx_word' id='word_1_54' title='bbox 151 986 195 1051; x_wconf 92' lang='lat' dir='ltr'><strong>pa</strong></span> <span class='ocrx_word' id='word_1_55' title='bbox 208 985 309 1029; x_wconf 89' lang='lat' dir='ltr'><strong>emus.</strong></span> 
     </span>
    </p>
   </div>
   <div class='ocr_carea' id='block_1_3' title="bbox 76 1233 1330 1662">
    <p class='ocr_par' dir='ltr' id='par_1_3' title="bbox 76 1233 1330 1662">
     <span class='ocr_line' id='line_1_8' title="bbox 76 1233 1285 1321; baseline -0.001 -17"><span class='ocrx_word' id='word_1_56' title='bbox 76 1239 129 1304; x_wconf 86' lang='lat' dir='ltr'><strong>IX</strong></span> <span class='ocrx_word' id='word_1_57' title='bbox 239 1235 477 1301; x_wconf 80' lang='lat' dir='ltr'><strong>Drocsnrurus.</strong></span> <span class='ocrx_word' id='word_1_58' title='bbox 500 1233 601 1298; x_wconf 86' lang='lat' dir='ltr'><strong>Dolet</strong></span> <span class='ocrx_word' id='word_1_59' title='bbox 615 1233 757 1314; x_wconf 93' lang='lat' dir='ltr'><strong>nimium,</strong></span> <span class='ocrx_word' id='word_1_60' title='bbox 772 1233 776 1316; x_wconf 95' lang='grc' dir='ltr'>Ι</span> <span class='ocrx_word' id='word_1_61' title='bbox 791 1234 877 1320; x_wconf 89' lang='lat' dir='ltr'><strong>quod</strong></span> <span class='ocrx_word' id='word_1_62' title='bbox 892 1235 1077 1321; x_wconf 78' lang='lat' dir='ltr'><strong>praesidem</strong></span> <span class='ocrx_word' id='word_1_63' title='bbox 1091 1235 1268 1303; x_wconf 90' lang='lat' dir='ltr'><strong>Dulcitium</strong></span> <span class='ocrx_word' id='word_1_64' title='bbox 1281 1236 1285 1314; x_wconf 90' lang='grc' dir='ltr'>Ι</span> 
     </span>
     <span class='ocr_line' id='line_1_9' title="bbox 123 1319 1285 1410; baseline 0.007 -28"><span class='ocrx_word' id='word_1_65' title='bbox 123 1372 127 1382; x_wconf 91' lang='lat'>.</span> <span class='ocrx_word' id='word_1_66' title='bbox 152 1321 250 1387; x_wconf 90' lang='lat' dir='ltr'><strong>audio</strong></span> <span class='ocrx_word' id='word_1_67' title='bbox 266 1321 349 1386; x_wconf 92' lang='lat' dir='ltr'><strong>adeo</strong></span> <span class='ocrx_word' id='word_1_68' title='bbox 365 1322 504 1403; x_wconf 86' lang='lat' dir='ltr'><strong>illusum,</strong></span> <span class='ocrx_word' id='word_1_69' title='bbox 523 1320 527 1405; x_wconf 97' lang='grc' dir='ltr'>Ι</span> <span class='ocrx_word' id='word_1_70' title='bbox 545 1319 627 1385; x_wconf 87' lang='lat' dir='ltr'><strong>adeo</strong></span> <span class='ocrx_word' id='word_1_71' title='bbox 645 1320 887 1406; x_wconf 86' lang='lat' dir='ltr'><strong>exprobratum,</strong></span> <span class='ocrx_word' id='word_1_72' title='bbox 905 1322 908 1407; x_wconf 94' lang='grc' dir='ltr'>Ι</span> <span class='ocrx_word' id='word_1_73' title='bbox 926 1321 1008 1386; x_wconf 90' lang='lat' dir='ltr'><strong>adeo</strong></span> <span class='ocrx_word' id='word_1_74' title='bbox 1025 1323 1265 1390; x_wconf 90' lang='lat' dir='ltr'><strong>calumniatum.</strong></span> <span class='ocrx_word' id='word_1_75' title='bbox 1280 1333 1285 1410; x_wconf 94' lang='grc' dir='ltr'>Ι</span> 
     </span>
     <span class='ocr_line' id='line_1_10' title="bbox 151 1407 1287 1494; baseline 0.004 -22"><span class='ocrx_word' id='word_1_76' title='bbox 151 1407 233 1490; x_wconf 84' lang='lat' dir='ltr'><strong>Sed,</strong></span> <span class='ocrx_word' id='word_1_77' title='bbox 260 1428 302 1472; x_wconf 88' lang='lat' dir='ltr'><strong>no</strong></span> <span class='ocrx_word' id='word_1_78' title='bbox 329 1409 411 1472; x_wconf 85' lang='lat' dir='ltr'><strong>viles</strong></span> <span class='ocrx_word' id='word_1_79' title='bbox 438 1407 646 1471; x_wconf 82' lang='lat' dir='ltr'><strong>mulierculae</strong></span> <span class='ocrx_word' id='word_1_80' title='bbox 672 1407 677 1488; x_wconf 93' lang='grc' dir='ltr'>Ι</span> <span class='ocrx_word' id='word_1_81' title='bbox 701 1407 823 1471; x_wconf 89' lang='lat' dir='ltr'><strong>iactant</strong></span> <span class='ocrx_word' id='word_1_82' title='bbox 860 1429 894 1473; x_wconf 88' lang='lat' dir='ltr'><strong>se</strong></span> <span class='ocrx_word' id='word_1_83' title='bbox 922 1409 1053 1494; x_wconf 90' lang='lat' dir='ltr'><strong>impune</strong></span> <span class='ocrx_word' id='word_1_84' title='bbox 1079 1411 1196 1475; x_wconf 84' lang='lat' dir='ltr'><strong>nostris</strong></span> <span class='ocrx_word' id='word_1_85' title='bbox 1226 1409 1287 1476; x_wconf 92' lang='lat' dir='ltr'><strong>diis</strong></span> 
     </span>
     <span class='ocr_line' id='line_1_11' title="bbox 150 1491 1330 1583; baseline -0.001 -24"><span class='ocrx_word' id='word_1_86' title='bbox 150 1493 352 1579; x_wconf 90' lang='lat' dir='ltr'><strong>deorumque</strong></span> <span class='ocrx_word' id='word_1_87' title='bbox 369 1493 545 1558; x_wconf 87' lang='lat' dir='ltr'><strong>cultoribus</strong></span> <span class='ocrx_word' id='word_1_88' title='bbox 567 1491 713 1572; x_wconf 82' lang='lat' dir='ltr'><strong>illudere,</strong></span> <span class='ocrx_word' id='word_1_89' title='bbox 734 1496 740 1574; x_wconf 87' lang='grc' dir='ltr'>Ι</span> <span class='ocrx_word' id='word_1_90' title='bbox 761 1494 934 1558; x_wconf 75' lang='lat' dir='ltr'><strong>sisinnium</strong></span> <span class='ocrx_word' id='word_1_91' title='bbox 951 1496 1102 1560; x_wconf 91' lang='lat' dir='ltr'><strong>comitem</strong></span> <span class='ocrx_word' id='word_1_92' title='bbox 1120 1496 1256 1581; x_wconf 79' lang='lat' dir='ltr'><strong>dirigam</strong></span> <span class='ocrx_word' id='word_1_93' title='bbox 1279 1496 1284 1583; x_wconf 96' lang='grc' dir='ltr'>Ι</span> <span class='ocrx_word' id='word_1_94' title='bbox 1304 1518 1330 1560; x_wconf 83' lang='grc' dir='ltr'><strong>ιο</strong></span> 
     </span>
     <span class='ocr_line' id='line_1_12' title="bbox 150 1578 670 1662; baseline -0.004 -18"><span class='ocrx_word' id='word_1_95' title='bbox 150 1579 193 1644; x_wconf 91' lang='lat' dir='ltr'><strong>ad</strong></span> <span class='ocrx_word' id='word_1_96' title='bbox 223 1582 380 1644; x_wconf 91' lang='lat' dir='ltr'><strong>ultionem</strong></span> <span class='ocrx_word' id='word_1_97' title='bbox 409 1578 635 1644; x_wconf 86' lang='lat' dir='ltr'><strong>exercendam.</strong></span> <span class='ocrx_word' id='word_1_98' title='bbox 664 1579 670 1662; x_wconf 97' lang='grc' dir='ltr'>Ι</span> 
     </span>
    </p>
   </div>
   <div class='ocr_carea' id='block_1_4' title="bbox 10 1886 1330 2331">
    <p class='ocr_par' dir='ltr' id='par_1_4' title="bbox 10 1886 1330 2331">
     <span class='ocr_line' id='line_1_13' title="bbox 95 1886 1289 1978; baseline 0.004 -26"><span class='ocrx_word' id='word_1_99' title='bbox 95 1906 131 1971; x_wconf 74' lang='lat' dir='ltr'>X</span> <span class='ocrx_word' id='word_1_100' title='bbox 243 1889 402 1954; x_wconf 80' lang='lat' dir='ltr'><strong>Slsinarus.</strong></span> <span class='ocrx_word' id='word_1_101' title='bbox 449 1886 633 1970; x_wconf 87' lang='lat' dir='ltr'><strong>Omilites,</strong></span> <span class='ocrx_word' id='word_1_102' title='bbox 662 1888 717 1951; x_wconf 91' lang='lat' dir='ltr'><strong>ubi</strong></span> <span class='ocrx_word' id='word_1_103' title='bbox 746 1894 819 1952; x_wconf 89' lang='lat' dir='ltr'><strong>sunt</strong></span> <span class='ocrx_word' id='word_1_104' title='bbox 842 1889 994 1972; x_wconf 82' lang='lat' dir='ltr'><strong>lascivae,</strong></span> <span class='ocrx_word' id='word_1_105' title='bbox 1014 1892 1019 1970; x_wconf 94' lang='grc' dir='ltr'>Ι</span> <span class='ocrx_word' id='word_1_106' title='bbox 1040 1911 1122 1977; x_wconf 88' lang='lat' dir='ltr'><strong>quae</strong></span> <span class='ocrx_word' id='word_1_107' title='bbox 1145 1892 1289 1978; x_wconf 81' lang='lat' dir='ltr'><strong>torqueri</strong></span> 
     </span>
     <span class='ocr_line' id='line_1_14' title="bbox 155 1975 485 2059; baseline -0.009 -19"><span class='ocrx_word' id='word_1_108' title='bbox 155 1975 287 2057; x_wconf 86' lang='lat' dir='ltr'><strong>debent,</strong></span> <span class='ocrx_word' id='word_1_109' title='bbox 310 1975 485 2059; x_wconf 80' lang='lat' dir='ltr'><strong>puellae&#39;tl</strong></span> 
     </span>
     <span class='ocr_line' id='line_1_15' title="bbox 241 2058 856 2143; baseline -0.002 -18"><span class='ocrx_word' id='word_1_110' title='bbox 241 2082 371 2126; x_wconf 76' lang='lat' dir='ltr'><strong>ursinae.</strong></span> <span class='ocrx_word' id='word_1_111' title='bbox 415 2059 614 2143; x_wconf 80' lang='lat' dir='ltr'><strong>Affliguntur</strong></span> <span class='ocrx_word' id='word_1_112' title='bbox 635 2058 668 2122; x_wconf 92' lang='lat' dir='ltr'><strong>in</strong></span> <span class='ocrx_word' id='word_1_113' title='bbox 691 2078 830 2126; x_wconf 90' lang='lat' dir='ltr'><strong>carcere.</strong></span> <span class='ocrx_word' id='word_1_114' title='bbox 851 2060 856 2142; x_wconf 98' lang='grc' dir='ltr'>Ι</span> 
     </span>
     <span class='ocr_line' id='line_1_16' title="bbox 10 2145 1330 2234; baseline -0.002 -16"><span class='ocrx_word' id='word_1_115' title='bbox 10 2184 64 2234; x_wconf 69' lang='lat' dir='ltr'><strong>paq.</strong></span> <span class='ocrx_word' id='word_1_116' title='bbox 73 2167 133 2217; x_wconf 77' lang='lat'><strong><em>184.</em></strong></span> <span class='ocrx_word' id='word_1_117' title='bbox 244 2147 402 2212; x_wconf 72' lang='lat' dir='ltr'><strong>Summus.</strong></span> <span class='ocrx_word' id='word_1_118' title='bbox 447 2145 604 2209; x_wconf 90' lang='lat' dir='ltr'><strong>Hirenam</strong></span> <span class='ocrx_word' id='word_1_119' title='bbox 625 2152 800 2227; x_wconf 83' lang='lat' dir='ltr'><strong>reservate,</strong></span> <span class='ocrx_word' id='word_1_120' title='bbox 821 2148 826 2228; x_wconf 96' lang='grc' dir='ltr'>Ι</span> <span class='ocrx_word' id='word_1_121' title='bbox 846 2152 879 2210; x_wconf 93' lang='lat' dir='ltr'><strong>et</strong></span> <span class='ocrx_word' id='word_1_122' title='bbox 901 2148 1043 2233; x_wconf 89' lang='lat' dir='ltr'><strong>reliquas</strong></span> <span class='ocrx_word' id='word_1_123' title='bbox 1064 2146 1268 2233; x_wconf 74' lang='lat' dir='ltr'><strong>producite!</strong></span> <span class='ocrx_word' id='word_1_124' title='bbox 1305 2175 1330 2216; x_wconf 81' lang='lat' dir='ltr'><strong>a</strong></span> 
     </span>
     <span class='ocr_line' id='line_1_17' title="bbox 242 2230 763 2331; baseline -0.006 -34"><span class='ocrx_word' id='word_1_125' title='bbox 242 2253 369 2297; x_wconf 77' lang='lat' dir='ltr'><strong>mursa.</strong></span> <span class='ocrx_word' id='word_1_126' title='bbox 415 2230 480 2295; x_wconf 78' lang='lat' dir='ltr'><strong>Cur</strong></span> <span class='ocrx_word' id='word_1_127' title='bbox 501 2252 598 2295; x_wconf 88' lang='lat' dir='ltr'><strong>unam</strong></span> <span class='ocrx_word' id='word_1_128' title='bbox 622 2232 763 2331; x_wconf 81' lang='lat' dir='ltr'><strong>excipis?</strong></span> 
     </span>
    </p>
   </div>
   <div class='ocr_carea' id='block_1_5' title="bbox 31 2317 1421 3777">
    <p class='ocr_par' dir='ltr' id='par_1_5' title="bbox 31 2317 1421 3777">
     <span class='ocr_line' id='line_1_18' title="bbox 243 2317 1288 2406; baseline 0.003 -24"><span class='ocrx_word' id='word_1_129' title='bbox 243 2318 401 2383; x_wconf 79' lang='lat' dir='ltr'><strong>Siarnmue.</strong></span> <span class='ocrx_word' id='word_1_130' title='bbox 437 2317 578 2381; x_wconf 88' lang='lat' dir='ltr'><strong>Parcans</strong></span> <span class='ocrx_word' id='word_1_131' title='bbox 593 2317 758 2382; x_wconf 78' lang='lat' dir='ltr'><strong>infantiae.</strong></span> <span class='ocrx_word' id='word_1_132' title='bbox 793 2317 892 2382; x_wconf 79' lang='lat' dir='ltr'><strong>Forte</strong></span> <span class='ocrx_word' id='word_1_133' title='bbox 910 2317 1034 2382; x_wconf 83' lang='lat' dir='ltr'><strong>facilius</strong></span> <span class='ocrx_word' id='word_1_134' title='bbox 1049 2325 1265 2402; x_wconf 85' lang='lat' dir='ltr'><strong>convertetur,</strong></span> <span class='ocrx_word' id='word_1_135' title='bbox 1283 2319 1288 2406; x_wconf 97' lang='grc' dir='ltr'>Ι</span> 
     </span>
     <span class='ocr_line' id='line_1_19' title="bbox 153 2403 874 2489; baseline -0.004 -20"><span class='ocrx_word' id='word_1_136' title='bbox 153 2405 182 2469; x_wconf 90' lang='lat' dir='ltr'><strong>si</strong></span> <span class='ocrx_word' id='word_1_137' title='bbox 205 2424 349 2469; x_wconf 88' lang='lat' dir='ltr'><strong>sororum</strong></span> <span class='ocrx_word' id='word_1_138' title='bbox 371 2404 556 2489; x_wconf 88' lang='lat' dir='ltr'><strong>praesentia</strong></span> <span class='ocrx_word' id='word_1_139' title='bbox 577 2424 643 2467; x_wconf 94' lang='lat' dir='ltr'><strong>non</strong></span> <span class='ocrx_word' id='word_1_140' title='bbox 666 2403 874 2484; x_wconf 70' lang='lat' dir='ltr'><strong>terrebitur!</strong></span> 
     </span>
     <span class='ocr_line' id='line_1_20' title="bbox 242 2490 474 2554; baseline 0 0"><span class='ocrx_word' id='word_1_141' title='bbox 242 2511 368 2554; x_wconf 75' lang='lat' dir='ltr'><strong>murres.</strong></span> <span class='ocrx_word' id='word_1_142' title='bbox 414 2490 474 2554; x_wconf 89' lang='lat' dir='ltr'><strong>Ita.</strong></span> 
     </span>
     <span class='ocr_line' id='line_1_21' title="bbox 31 2574 1334 2659; baseline 0.005 -22"><span class='ocrx_word' id='word_1_143' title='bbox 31 2585 82 2652; x_wconf 77' lang='lat' dir='ltr'><strong>XI</strong></span> <span class='ocrx_word' id='word_1_144' title='bbox 111 2591 125 2649; x_wconf 77' lang='grc' dir='ltr'>Ι</span> <span class='ocrx_word' id='word_1_145' title='bbox 508 2576 642 2638; x_wconf 90' lang='lat' dir='ltr'><strong>Praesto</strong></span> <span class='ocrx_word' id='word_1_146' title='bbox 666 2580 750 2656; x_wconf 90' lang='lat' dir='ltr'><strong>sunt,</strong></span> <span class='ocrx_word' id='word_1_147' title='bbox 774 2594 853 2659; x_wconf 91' lang='lat' dir='ltr'><strong>quas</strong></span> <span class='ocrx_word' id='word_1_148' title='bbox 875 2574 1003 2639; x_wconf 87' lang='lat' dir='ltr'><strong>iussisti.</strong></span> <span class='ocrx_word' id='word_1_149' title='bbox 1308 2601 1334 2643; x_wconf 83' lang='lat' dir='ltr'><strong>ao</strong></span> 
     </span>
     <span class='ocr_line' id='line_1_22' title="bbox 242 2658 1291 2746; baseline 0.003 -23"><span class='ocrx_word' id='word_1_150' title='bbox 242 2658 399 2727; x_wconf 70' lang='lat' dir='ltr'><strong>Sisines.</strong></span> <span class='ocrx_word' id='word_1_151' title='bbox 444 2660 606 2725; x_wconf 88' lang='lat' dir='ltr'><strong>Praebete</strong></span> <span class='ocrx_word' id='word_1_152' title='bbox 630 2680 806 2742; x_wconf 84' lang='lat' dir='ltr'><strong>assensum,</strong></span> <span class='ocrx_word' id='word_1_153' title='bbox 829 2659 963 2746; x_wconf 77' lang='lat' dir='ltr'><strong>Agapes</strong></span> <span class='ocrx_word' id='word_1_154' title='bbox 987 2666 1020 2725; x_wconf 90' lang='lat' dir='ltr'><strong>et</strong></span> <span class='ocrx_word' id='word_1_155' title='bbox 1040 2659 1185 2744; x_wconf 79' lang='lat' dir='ltr'><strong>Chionia,</strong></span> <span class='ocrx_word' id='word_1_156' title='bbox 1209 2661 1291 2727; x_wconf 90' lang='lat' dir='ltr'><strong>meis</strong></span> 
     </span>
     <span class='ocr_line' id='line_1_23' title="bbox 155 2747 304 2830; baseline -0.02 -18"><span class='ocrx_word' id='word_1_157' title='bbox 155 2747 304 2830; x_wconf 80' lang='lat' dir='ltr'><strong>consiliis.</strong></span> 
     </span>
     <span class='ocr_line' id='line_1_24' title="bbox 242 2831 717 2917; baseline 0 -21"><span class='ocrx_word' id='word_1_158' title='bbox 242 2832 376 2897; x_wconf 77' lang='lat' dir='ltr'><strong>Aeaeus.</strong></span> <span class='ocrx_word' id='word_1_159' title='bbox 422 2831 457 2896; x_wconf 79' lang='lat' dir='ltr'><strong>si</strong></span> <span class='ocrx_word' id='word_1_160' title='bbox 479 2831 717 2917; x_wconf 87' lang='lat' dir='ltr'><strong>praebebimus.</strong></span> 
     </span>
     <span class='ocr_line' id='line_1_25' title="bbox 244 2916 1334 2990; baseline 0 -9"><span class='ocrx_word' id='word_1_161' title='bbox 244 2917 403 2984; x_wconf 74' lang='lat' dir='ltr'><strong>asinos.</strong></span> <span class='ocrx_word' id='word_1_162' title='bbox 447 2918 546 2983; x_wconf 78' lang='lat' dir='ltr'><strong>Ferte</strong></span> <span class='ocrx_word' id='word_1_163' title='bbox 569 2918 724 2982; x_wconf 88' lang='lat' dir='ltr'><strong>libamina</strong></span> <span class='ocrx_word' id='word_1_164' title='bbox 746 2916 815 2982; x_wconf 92' lang='lat' dir='ltr'><strong>diis.</strong></span> <span class='ocrx_word' id='word_1_165' title='bbox 1308 2947 1334 2990; x_wconf 79' lang='lat' dir='ltr'><strong>a</strong></span> 
     </span>
     <span class='ocr_line' id='line_1_26' title="bbox 244 3003 1421 3096; baseline -0.002 -29"><span class='ocrx_word' id='word_1_166' title='bbox 244 3003 384 3069; x_wconf 72' lang='lat' dir='ltr'><strong>(larona.</strong></span> <span class='ocrx_word' id='word_1_167' title='bbox 420 3003 508 3068; x_wconf 86' lang='lat' dir='ltr'><strong>Vero</strong></span> <span class='ocrx_word' id='word_1_168' title='bbox 532 3009 567 3069; x_wconf 88' lang='lat' dir='ltr'><strong>et</strong></span> <span class='ocrx_word' id='word_1_169' title='bbox 588 3009 721 3069; x_wconf 92' lang='lat' dir='ltr'><strong>aeterno</strong></span> <span class='ocrx_word' id='word_1_170' title='bbox 744 3003 828 3090; x_wconf 87' lang='lat' dir='ltr'><strong>patri</strong></span> <span class='ocrx_word' id='word_1_171' title='bbox 851 3003 984 3089; x_wconf 87' lang='lat' dir='ltr'><strong>eiusque</strong></span> <span class='ocrx_word' id='word_1_172' title='bbox 1007 3009 1179 3069; x_wconf 85' lang='lat' dir='ltr'><strong>coaeterno</strong></span> <span class='ocrx_word' id='word_1_173' title='bbox 1201 3003 1285 3090; x_wconf 75' lang='lat' dir='ltr'><strong>filiol</strong></span> <span class='ocrx_word' id='word_1_174' title='bbox 1304 3024 1352 3096; x_wconf 65' lang='lat' dir='ltr'><strong>sor,</strong></span> <span class='ocrx_word' id='word_1_175' title='bbox 1369 3027 1421 3080; x_wconf 57' lang='grc' dir='ltr'><strong>ρει</strong></span> 
     </span>
     <span class='ocr_line' id='line_1_27' title="bbox 155 3089 1293 3176; baseline 0.003 -23"><span class='ocrx_word' id='word_1_176' title='bbox 155 3095 333 3174; x_wconf 89' lang='lat' dir='ltr'><strong>sanctoque</strong></span> <span class='ocrx_word' id='word_1_177' title='bbox 356 3090 524 3155; x_wconf 92' lang='lat' dir='ltr'><strong>amborum</strong></span> <span class='ocrx_word' id='word_1_178' title='bbox 547 3091 713 3176; x_wconf 82' lang='lat' dir='ltr'><strong>paraclyto</strong></span> <span class='ocrx_word' id='word_1_179' title='bbox 733 3097 738 3169; x_wconf 88' lang='grc' dir='ltr'>Ι</span> <span class='ocrx_word' id='word_1_180' title='bbox 759 3089 947 3154; x_wconf 87' lang='lat' dir='ltr'><strong>sacrificium</strong></span> <span class='ocrx_word' id='word_1_181' title='bbox 969 3089 1074 3154; x_wconf 87' lang='lat' dir='ltr'><strong>laudis</strong></span> <span class='ocrx_word' id='word_1_182' title='bbox 1096 3091 1164 3155; x_wconf 88' lang='lat' dir='ltr'><strong>sine</strong></span> <span class='ocrx_word' id='word_1_183' title='bbox 1192 3091 1293 3156; x_wconf 91' lang='lat' dir='ltr'><strong>inter-</strong></span> 
     </span>
     <span class='ocr_line' id='line_1_28' title="bbox 155 3177 479 3241; baseline 0 0"><span class='ocrx_word' id='word_1_184' title='bbox 155 3177 310 3241; x_wconf 89' lang='lat' dir='ltr'><strong>missione</strong></span> <span class='ocrx_word' id='word_1_185' title='bbox 333 3177 479 3241; x_wconf 90' lang='lat' dir='ltr'><strong>libamus.</strong></span> 
     </span>
     <span class='ocr_line' id='line_1_29' title="bbox 245 3258 1292 3350; baseline 0.002 -23"><span class='ocrx_word' id='word_1_186' title='bbox 245 3262 404 3328; x_wconf 82' lang='lat' dir='ltr'><strong>Srsrnmue.</strong></span> <span class='ocrx_word' id='word_1_187' title='bbox 448 3263 522 3327; x_wconf 93' lang='lat' dir='ltr'><strong>Hoc</strong></span> <span class='ocrx_word' id='word_1_188' title='bbox 538 3261 630 3326; x_wconf 85' lang='lat' dir='ltr'><strong>vobis</strong></span> <span class='ocrx_word' id='word_1_189' title='bbox 644 3281 708 3326; x_wconf 90' lang='lat' dir='ltr'><strong>non</strong></span> <span class='ocrx_word' id='word_1_190' title='bbox 724 3261 855 3343; x_wconf 82' lang='lat' dir='ltr'><strong>suadeo,</strong></span> <span class='ocrx_word' id='word_1_191' title='bbox 876 3258 881 3342; x_wconf 87' lang='grc' dir='ltr'>Ι</span> <span class='ocrx_word' id='word_1_192' title='bbox 901 3260 959 3325; x_wconf 89' lang='lat' dir='ltr'><strong>sed</strong></span> <span class='ocrx_word' id='word_1_193' title='bbox 975 3262 1089 3347; x_wconf 90' lang='lat' dir='ltr'><strong>poenis</strong></span> <span class='ocrx_word' id='word_1_194' title='bbox 1103 3262 1272 3348; x_wconf 90' lang='lat' dir='ltr'><strong>prohibeo.</strong></span> <span class='ocrx_word' id='word_1_195' title='bbox 1287 3263 1292 3350; x_wconf 97' lang='grc' dir='ltr'>Ι</span> 
     </span>
     <span class='ocr_line' id='line_1_30' title="bbox 243 3347 1293 3434; baseline 0.004 -22"><span class='ocrx_word' id='word_1_196' title='bbox 243 3347 378 3414; x_wconf 79' lang='lat' dir='ltr'><strong>Aosrss.</strong></span> <span class='ocrx_word' id='word_1_197' title='bbox 428 3348 501 3413; x_wconf 89' lang='lat' dir='ltr'><strong>Non</strong></span> <span class='ocrx_word' id='word_1_198' title='bbox 528 3348 730 3434; x_wconf 89' lang='lat' dir='ltr'><strong>prohibebis,</strong></span> <span class='ocrx_word' id='word_1_199' title='bbox 756 3351 760 3429; x_wconf 92' lang='grc' dir='ltr'>Ι</span> <span class='ocrx_word' id='word_1_200' title='bbox 784 3367 846 3412; x_wconf 92' lang='lat' dir='ltr'><strong>nec</strong></span> <span class='ocrx_word' id='word_1_201' title='bbox 867 3367 1021 3432; x_wconf 90' lang='lat' dir='ltr'><strong>umquam</strong></span> <span class='ocrx_word' id='word_1_202' title='bbox 1043 3349 1293 3416; x_wconf 81' lang='lat' dir='ltr'><strong>sacrificabimus</strong></span> 
     </span>
     <span class='ocr_line' id='line_1_31' title="bbox 159 3432 1339 3517; baseline 0.001 -19"><span class='ocrx_word' id='word_1_203' title='bbox 159 3432 373 3517; x_wconf 68' lang='lat' dir='ltr'><strong>daemoniis!</strong></span> <span class='ocrx_word' id='word_1_204' title='bbox 1312 3466 1339 3508; x_wconf 71' lang='grc' dir='ltr'><strong>ω</strong></span> 
     </span>
     <span class='ocr_line' id='line_1_32' title="bbox 112 3518 1295 3606; baseline 0.003 -23"><span class='ocrx_word' id='word_1_205' title='bbox 112 3540 135 3601; x_wconf 72' lang='lat'><strong>2</strong></span> <span class='ocrx_word' id='word_1_206' title='bbox 247 3519 406 3585; x_wconf 79' lang='lat' dir='ltr'><strong>Srsrsnros.</strong></span> <span class='ocrx_word' id='word_1_207' title='bbox 451 3519 615 3606; x_wconf 89' lang='lat' dir='ltr'><strong>Deponite</strong></span> <span class='ocrx_word' id='word_1_208' title='bbox 643 3518 792 3583; x_wconf 85' lang='lat' dir='ltr'><strong>duritiam</strong></span> <span class='ocrx_word' id='word_1_209' title='bbox 815 3518 920 3584; x_wconf 92' lang='lat' dir='ltr'><strong>cordis</strong></span> <span class='ocrx_word' id='word_1_210' title='bbox 948 3525 982 3583; x_wconf 95' lang='lat' dir='ltr'><strong>et</strong></span> <span class='ocrx_word' id='word_1_211' title='bbox 1004 3520 1192 3587; x_wconf 87' lang='lat' dir='ltr'><strong>sacrificate.</strong></span> <span class='ocrx_word' id='word_1_212' title='bbox 1238 3521 1295 3586; x_wconf 83' lang='lat' dir='ltr'><strong>Sin</strong></span> 
     </span>
     <span class='ocr_line' id='line_1_33' title="bbox 161 3606 1294 3695; baseline 0.004 -26"><span class='ocrx_word' id='word_1_213' title='bbox 161 3611 284 3671; x_wconf 90' lang='lat' dir='ltr'><strong>autem:</strong></span> <span class='ocrx_word' id='word_1_214' title='bbox 308 3606 424 3670; x_wconf 84' lang='lat' dir='ltr'><strong>faciam</strong></span> <span class='ocrx_word' id='word_1_215' title='bbox 439 3628 497 3671; x_wconf 85' lang='lat' dir='ltr'><strong>ros</strong></span> <span class='ocrx_word' id='word_1_216' title='bbox 512 3606 716 3670; x_wconf 83' lang='lat' dir='ltr'><strong>interfectum</strong></span> <span class='ocrx_word' id='word_1_217' title='bbox 738 3606 776 3670; x_wconf 90' lang='lat' dir='ltr'><strong>iri</strong></span> <span class='ocrx_word' id='word_1_218' title='bbox 796 3606 800 3688; x_wconf 94' lang='grc' dir='ltr'>Ι</span> <span class='ocrx_word' id='word_1_219' title='bbox 820 3607 911 3670; x_wconf 82' lang='lat' dir='ltr'><strong>iuxta</strong></span> <span class='ocrx_word' id='word_1_220' title='bbox 926 3613 1138 3692; x_wconf 88' lang='lat' dir='ltr'><strong>praeceptum</strong></span> <span class='ocrx_word' id='word_1_221' title='bbox 1152 3608 1294 3695; x_wconf 88' lang='lat' dir='ltr'><strong>impera·</strong></span> 
     </span>
     <span class='ocr_line' id='line_1_34' title="bbox 157 3692 491 3777; baseline 0.003 -22"><span class='ocrx_word' id='word_1_222' title='bbox 157 3693 237 3756; x_wconf 86' lang='lat' dir='ltr'><strong>toris</strong></span> <span class='ocrx_word' id='word_1_223' title='bbox 259 3692 466 3758; x_wconf 87' lang='lat' dir='ltr'><strong>Diocletiani.</strong></span> <span class='ocrx_word' id='word_1_224' title='bbox 486 3692 491 3777; x_wconf 94' lang='grc' dir='ltr'>Ι</span> 
     </span>
    </p>
   </div>
   <div class='ocr_carea' id='block_1_6' title="bbox 157 3895 1296 4040">
    <p class='ocr_par' dir='ltr' id='par_1_6' title="bbox 157 3895 1296 4040">
     <span class='ocr_line' id='line_1_35' title="bbox 245 3895 1296 3966; baseline 0.005 -15"><span class='ocrx_word' id='word_1_225' title='bbox 245 3896 451 3966; x_wconf 76' lang='lat' dir='ltr'><strong>3axspol.M&#39;p</strong></span> <span class='ocrx_word' id='word_1_226' title='bbox 520 3896 638 3950; x_wconf 81' lang='lat' dir='ltr'><strong>3stertit</strong></span> <span class='ocrx_word' id='word_1_227' title='bbox 779 3895 1062 3953; x_wconf 77' lang='lat' dir='ltr'><strong>4Adi·iaroa.m.l</strong></span> <span class='ocrx_word' id='word_1_228' title='bbox 1076 3901 1108 3951; x_wconf 88' lang='lat' dir='ltr'><em>M</em></span> <span class='ocrx_word' id='word_1_229' title='bbox 1175 3901 1296 3956; x_wconf 77' lang='lat' dir='ltr'><strong>beatiam</strong></span> 
     </span>
     <span class='ocr_line' id='line_1_36' title="bbox 157 3967 1295 4040; baseline 0.004 -21"><span class='ocrx_word' id='word_1_230' title='bbox 157 3968 253 4019; x_wconf 79' lang='lat' dir='ltr'><strong>addidi</strong></span> <span class='ocrx_word' id='word_1_231' title='bbox 331 3967 364 4020; x_wconf 85' lang='lat'><strong>15</strong></span> <span class='ocrx_word' id='word_1_232' title='bbox 382 3984 512 4020; x_wconf 82' lang='lat' dir='ltr'><strong>reseruata</strong></span> <span class='ocrx_word' id='word_1_233' title='bbox 531 3967 591 4034; x_wconf 57' lang='grc' dir='ltr'><strong>ΜΨ</strong></span> <span class='ocrx_word' id='word_1_234' title='bbox 722 3982 786 4040; x_wconf 84' lang='lat' dir='ltr'><strong>quos</strong></span> <span class='ocrx_word' id='word_1_235' title='bbox 805 3967 848 4028; x_wconf 84' lang='lat' dir='ltr'><strong>M,·</strong></span> <span class='ocrx_word' id='word_1_236' title='bbox 865 3969 900 4034; x_wconf 80' lang='lat' dir='ltr'><strong>cs.</strong></span> <span class='ocrx_word' id='word_1_237' title='bbox 920 3967 991 4021; x_wconf 73' lang='lat' dir='ltr'><strong>Gall.</strong></span> <span class='ocrx_word' id='word_1_238' title='bbox 1005 3969 1026 4020; x_wconf 96' lang='lat' dir='ltr'><strong><em>I</em></strong></span> <span class='ocrx_word' id='word_1_239' title='bbox 1036 3973 1052 4022; x_wconf 77' lang='grc' dir='ltr'><em>θ</em></span> <span class='ocrx_word' id='word_1_240' title='bbox 1121 3967 1155 4022; x_wconf 75' lang='lat'><strong>25</strong></span> <span class='ocrx_word' id='word_1_241' title='bbox 1172 3969 1295 4040; x_wconf 73' lang='lat' dir='ltr'><strong>Catonia]</strong></span> 
     </span>
    </p>
   </div>
   <div class='ocr_carea' id='block_1_7' title="bbox 156 4041 1297 4190">
    <p class='ocr_par' dir='ltr' id='par_1_7' title="bbox 156 4041 1297 4190">
     <span class='ocr_line' id='line_1_37' title="bbox 160 4041 1297 4119; baseline 0.006 -14"><span class='ocrx_word' id='word_1_242' title='bbox 160 4055 194 4105; x_wconf 88' lang='grc' dir='ltr'><strong>Η.</strong></span> <span class='ocrx_word' id='word_1_243' title='bbox 213 4052 241 4117; x_wconf 79' lang='lat' dir='ltr'><strong>(i.</strong></span> <span class='ocrx_word' id='word_1_244' title='bbox 254 4070 274 4106; x_wconf 81' lang='lat' dir='ltr'><strong>c.</strong></span> <span class='ocrx_word' id='word_1_245' title='bbox 293 4053 408 4111; x_wconf 68' lang='lat' dir='ltr'><strong>Hlarus)</strong></span> <span class='ocrx_word' id='word_1_246' title='bbox 427 4052 460 4102; x_wconf 86' lang='lat' dir='ltr'><em>M</em></span> <span class='ocrx_word' id='word_1_247' title='bbox 538 4041 797 4107; x_wconf 58' lang='lat' dir='ltr'><strong>reseruassemus</strong></span> <span class='ocrx_word' id='word_1_248' title='bbox 816 4052 846 4102; x_wconf 84' lang='grc' dir='ltr'><em>Μ</em></span> <span class='ocrx_word' id='word_1_249' title='bbox 864 4053 942 4115; x_wconf 80' lang='lat' dir='ltr'><strong>(corr.</strong></span> <span class='ocrx_word' id='word_1_250' title='bbox 960 4055 1047 4119; x_wconf 88' lang='lat' dir='ltr'><strong>m.1),·</strong></span> <span class='ocrx_word' id='word_1_251' title='bbox 1064 4057 1215 4110; x_wconf 69' lang='lat' dir='ltr'><strong>notificabo</strong></span> <span class='ocrx_word' id='word_1_252' title='bbox 1233 4059 1297 4112; x_wconf 77' lang='lat' dir='ltr'><strong>raci-</strong></span> 
     </span>
     <span class='ocr_line' id='line_1_38' title="bbox 156 4121 1054 4190; baseline 0.001 -16"><span class='ocrx_word' id='word_1_253' title='bbox 156 4139 220 4187; x_wconf 80' lang='lat' dir='ltr'><strong>pere</strong></span> <span class='ocrx_word' id='word_1_254' title='bbox 238 4123 360 4186; x_wconf 76' lang='lat' dir='ltr'><strong>dubitavi,</strong></span> <span class='ocrx_word' id='word_1_255' title='bbox 378 4123 447 4188; x_wconf 81' lang='lat' dir='ltr'><strong>qaod</strong></span> <span class='ocrx_word' id='word_1_256' title='bbox 465 4139 546 4188; x_wconf 77' lang='lat' dir='ltr'><strong>capro</strong></span> <span class='ocrx_word' id='word_1_257' title='bbox 564 4121 668 4188; x_wconf 78' lang='lat' dir='ltr'><strong>Apopec</strong></span> <span class='ocrx_word' id='word_1_258' title='bbox 685 4121 818 4190; x_wconf 76' lang='lat' dir='ltr'><strong>respondit</strong></span> <span class='ocrx_word' id='word_1_259' title='bbox 834 4122 856 4173; x_wconf 89' lang='lat' dir='ltr'><strong>si</strong></span> <span class='ocrx_word' id='word_1_260' title='bbox 874 4124 1054 4188; x_wconf 87' lang='lat' dir='ltr'><strong>praebebimus</strong></span> 
     </span>
    </p>
   </div>
   <div class='ocr_carea' id='block_1_8' title="bbox 160 4277 1298 4412">
    <p class='ocr_par' dir='ltr' id='par_1_8' title="bbox 160 4277 1298 4412">
     <span class='ocr_line' id='line_1_39' title="bbox 160 4277 1298 4409; baseline 0.003 -81"><span class='ocrx_word' id='word_1_261' title='bbox 160 4344 186 4396; x_wconf 63' lang='lat' dir='ltr'><em>S</em></span> <span class='ocrx_word' id='word_1_262' title='bbox 237 4278 315 4409; x_wconf 49' lang='grc' dir='ltr'><em>ἕδος.</em></span> <span class='ocrx_word' id='word_1_263' title='bbox 334 4277 412 4329; x_wconf 80' lang='lat' dir='ltr'><strong>Dolo.</strong></span> <span class='ocrx_word' id='word_1_264' title='bbox 426 4283 457 4328; x_wconf 83' lang='lat'><strong>14</strong></span> <span class='ocrx_word' id='word_1_265' title='bbox 474 4277 575 4342; x_wconf 62' lang='lat' dir='ltr'><strong>§leaf</strong></span> <span class='ocrx_word' id='word_1_266' title='bbox 589 4277 686 4342; x_wconf 78' lang='lat' dir='ltr'><strong>psalm.</strong></span> <span class='ocrx_word' id='word_1_267' title='bbox 700 4279 780 4341; x_wconf 80' lang='lat'><strong>126,1</strong></span> <span class='ocrx_word' id='word_1_268' title='bbox 798 4277 1134 4330; x_wconf 84' lang='lat' dir='ltr'><strong>invauumlaboravarant.</strong></span> <span class='ocrx_word' id='word_1_269' title='bbox 1210 4277 1244 4333; x_wconf 80' lang='lat'><strong>28</strong></span> <span class='ocrx_word' id='word_1_270' title='bbox 1262 4280 1298 4347; x_wconf 72' lang='lat' dir='ltr'><strong>cs.</strong></span> 
     </span>
     <span class='ocr_line' id='line_1_40' title="bbox 185 4362 318 4412; baseline 0.008 -17"><span class='ocrx_word' id='word_1_271' title='bbox 185 4362 228 4412; x_wconf 84' lang='lat' dir='ltr'><strong>op.</strong></span> <span class='ocrx_word' id='word_1_272' title='bbox 312 4383 318 4396; x_wconf 92' lang='lat'><strong>.</strong></span> 
     </span>
    </p>
   </div>
   <div class='ocr_carea' id='block_1_9' title="bbox 1108 4430 1142 4486">
    <p class='ocr_par' dir='ltr' id='par_1_9' title="bbox 1108 4430 1142 4486">
     <span class='ocr_line' id='line_1_41' title="bbox 1108 4430 1142 4486; baseline 0 -23"><span class='ocrx_word' id='word_1_273' title='bbox 1108 4430 1142 4486; x_wconf 64' lang='lat'><strong>90</strong></span> 
     </span>
    </p>
   </div>
   <div class='ocr_carea' id='block_1_10' title="bbox 0 0 1496 4890">
    <p class='ocr_par' dir='ltr' id='par_1_10' title="bbox 0 0 1496 4890">
     <span class='ocr_line' id='line_1_42' title="bbox 0 0 1496 4890; baseline 0 0"><span class='ocrx_word' id='word_1_274' title='bbox 0 0 1496 4890; x_wconf 95' lang='lat' dir='ltr'><strong> </strong></span> 
     </span>
    </p>
   </div>
  </div>
 </body>
</html>
