2970 4890
568 354 624 409 15.
646 353 813 422 usmarus.

228 527 394 612 Tempore
418 525 525 590 iudicii
548 528 649 590 multo
673 527 853 592 discrimine
877 528 973 608 laedi,

228 613 265 679 si
288 634 371 677 nunc
393 613 552 698 praedoni
573 635 638 676 non
661 622 711 677 est
734 615 895 679 abstracta
919 616 1041 680 feroci.³

271 699 332 764 His
355 698 457 777 dictis,
481 701 581 763 oculis
604 702 720 764 iterum
744 702 899 785 vigilabat
922 704 1041 787 apertis

228 786 272 850 'ut
295 808 330 850 se
353 793 571 871 prosternens,
594 788 745 871 precibus
768 789 881 851 erebro
906 810 1034 873 quoque
1058 789 1190 872 dellens,

229 871 408 936 Ieiunando
432 875 526 936 trium
550 894 660 937 cursus
683 875 751 958 agit
774 895 850 958 ergo
875 874 1009 940 dierum.

231 959 309 1023 Post
331 959 413 1023 haec
437 979 454 1022 e
479 981 591 1023 somno
615 981 686 1024 cum
709 963 848 1024 surrexit
870 983 963 1025 mane
988 983 1121 1042 summo,

228 1044 356 1109 Invenit
377 1048 515 1130 positam
539 1067 636 1130 supra
659 1068 717 1110 sua
739 1056 872 1131 pectora
895 1057 1026 1111 cartam.

231 1130 303 1204 Qua
325 1133 395 1195 visa
417 1133 571 1196 membris
594 1155 671 1196 mox
695 1135 887 1197 contremuit
910 1136 1059 1199 resolutis

229 1217 272 1281 Et
294 1226 404 1302 grates
429 1218 555 1282 Christo
579 1219 683 1282 cordis
707 1219 867 1284 reddebat
889 1221 930 1285 ab
953 1223 1018 1284 imo

230 1305 337 1389 Atque
361 1307 498 1390 puellari
520 1307 642 1390 pariter
665 1305 784 1369 Christi
806 1309 962 1391 genitrici.
1256 1309 1305 1375 W·
1326 1315 1369 1362 ⁶⁶³

272 1391 351 1455 Post
373 1393 455 1455 hacc
478 1413 617 1477 namque
641 1391 693 1455 die
717 1414 808 1457 sacra
831 1394 969 1457 feliciter
991 1403 1071 1471 orta,

230 1476 322 1550 Quae
345 1479 443 1542 trahit
465 1500 484 1540 a
508 1479 637 1542 ‹lornino
661 1500 777 1543 nomen
800 1481 987 1544 venerabile
1012 1501 1146 1559 summo,

231 1564 333 1628 Intrat
354 1566 387 1628 in
411 1567 580 1628 ecclesiam
603 1567 731 1650 populis
755 1588 797 1630 ex
819 1587 908 1631 more
931 1568 1100 1651 repletam,

230 1650 268 1714 In
291 1673 354 1736 qua
376 1659 452 1715 tunc
476 1653 558 1715 inter
581 1673 691 1715 sacrae
716 1654 909 1738 sollempnia
932 1655 1049 1716 missae

228 1738 383 1802 Astantes
406 1740 611 1823 ewangelicis
634 1741 764 1823 praesul
787 1739 882 1804 docet
906 1742 995 1817 orsis,

229 1824 281 1904 Et,
305 1846 413 1889 coram
436 1828 557 1889 cunctis
580 1846 703 1888 sacram
726 1834 905 1910 prostratus
928 1826 970 1890 ad
992 1847 1092 1904 aram,

228 1910 382 1974 Eiusdem
405 1933 532 1996 quoque
557 1912 715 1996 pontificis
739 1911 817 1975 dans
841 1915 949 1978 oscula
972 1914 1099 1998 plantis,

227 1997 318 2061 Voce
341 1999 448 2083 palam
469 1999 555 2061 clara
577 2000 719 2061 narravit
742 2000 782 2063 ab
808 1999 918 2064 ordine
943 2007 1066 2069 cuncta.

229 2082 321 2156 Quae
343 2086 395 2148 vel
418 2086 591 2148 mortiferis
615 2086 682 2168 egit
704 2086 807 2148 victus
830 2087 971 2150 suadelis

229 2170 292 2233 Vel
315 2191 398 2256 quae
421 2179 579 2256 perpetua
602 2173 719 2235 meruit
741 2182 895 2257 poscente
918 2175 1037 2258 puella.

229 2255 323 2320 Haeo
344 2258 400 2321 ubi
423 2259 601 2342 composita
623 2260 719 2342 plene
744 2261 853 2323 retulit
876 2261 1010 2337 ratione,

230 2343 384 2409 Antiates.
408 2343 485 2408 facti
508 2352 612 2408 tactus
635 2354 757 2409 terrore
782 2347 941 2430 stupendi,

228 2430 358 2493 Intonat
380 2430 430 2493 his
452 2432 559 2495 verbis
582 2433 726 2495 mirantis
748 2453 828 2496 voce
852 2432 1003 2516 profusis:

271 2514 396 2580 ‘Cuncti
420 2518 600 2600 gaudentes
623 2519 685 2582 buc
707 2520 771 2582 iarn
794 2526 967 2603 properate
989 2514 1113 2590 fideles,

230 2600 282 2682 Et,
329 2605 360 2666 ia
383 2605 469 2667 iacta
493 2604 545 2667 dei
567 2605 737 2668 laudantes
759 2614 868 2668 mente
892 2605 989 2675 fideli,

230 2624 360 2754 Credite
383 2692 447 2753 iam
472 2690 634 2754 dominum
657 2693 786 2777 propria
809 2692 931 2776 pietate
955 2691 1130 2772 benignum

229 2774 267 2838 In
290 2777 377 2841 loeto
401 2776 556 2841 delectari
578 2799 752 2863 numquam
776 2778 938 2856 scelerosi,

230 2860 295 2924 Sed
318 2864 389 2947 plus
412 2866 574 2928 conversis
598 2867 696 2928 vitam
720 2864 797 2928 dare
821 2866 906 2929 velle
930 2864 1079 2926 futuram.

228 2945 297 3020 Eia,
321 2949 430 3014 dilecti
454 2951 579 3031 fratres,
604 2951 760 3015 intendite
784 2952 897 3030 cuncti,

229 3032 333 3106 Quam
355 3037 409 3120 pie
431 3046 605 3121 peccantes
629 3037 775 3101 dominus
799 3037 916 3101 tolerat
938 3036 1042 3100 bouus
1065 3056 1188 3117 omnes,

229 3118 318 3192 Quos
341 3125 400 3186 scit
423 3127 566 3189 converti
589 3132 663 3209 post
686 3126 788 3189 tristia
811 3124 897 3189 facta
919 3122 1024 3209 piacli.

228 3205 306 3279 Quis
329 3230 393 3272 non
414 3212 557 3290 miretur,
582 3213 651 3296 quis
674 3233 738 3275 non
760 3213 898 3296 supplex
919 3215 1094 3274 veneretur

225 3293 438 3360 Laudandam
459 3299 572 3361 mitem
595 3298 722 3362 dulcem
746 3297 867 3362 Christi
889 3298 1056 3383 pietatem.

228 3380 324 3445 Illum
347 3391 541 3468 quaerentes
564 3405 695 3470 semper
718 3405 780 3470 qua
804 3384 953 3449 sublevat
976 3388 1106 3446 omnes?
1259 3383 1367 3449 soluo*

230 3465 292 3539 Qui
314 3470 378 3533 iam
403 3471 586 3535 criminibus
609 3474 766 3536 miserans
789 3472 945 3555 parcebat
969 3477 1002 3533 et
1024 3469 1118 3532 huius

228 3553 333 3638 Ipsius
355 3556 485 3621 illustris
507 3558 658 3643 precibus
681 3565 878 3642 sanctaeque
902 3557 1055 3642 parentis,

227 3639 293 3705 Per
315 3663 411 3726 quam
434 3650 568 3709 naturae
591 3645 688 3729 periit
710 3643 894 3708 maledictio
918 3650 1046 3708 nostrae

114 3748 157 3789 no
227 3723 270 3790 Et
291 3749 351 3812 per
374 3751 468 3815 quam
492 3731 612 3795 mundo
634 3732 722 3795 venit
745 3730 929 3796 benedictio
955 3735 1079 3794 cuncto.

206 3948 258 4004 375
275 3953 421 4020 nigilabant
439 3954 469 4004 M
555 3952 606 4005 385
624 3954 726 4020 populis
744 3954 780 4004 aio
798 3952 832 4002 Μ
914 3950 967 4003 402
984 3961 1121 4019 peccantes
1138 3949 1256 4017 priore

116 4022 147 4072 ia
163 4020 230 4087 raa)
248 4020 287 4086 M,
304 4032 459 4090 peoantesp
533 4021 584 4073 403
602 4024 711 4074 tristicia
729 4022 763 4072 Μ
838 4019 891 4074 404
909 4039 955 4074 uos
973 4023 1079 4074 miretur
1096 4021 1131 4071 M
1179 4037 1256 4074 uene

115 4096 190 4143 ratur
207 4090 241 4140 Μ
322 4090 376 4143 405
393 4094 500 4145 militem
518 4092 600 4159 M¹p¹,
618 4089 724 4156 militem
742 4091 785 4143 Μ’
873 4089 924 4142 409
942 4093 1016 4158 periit
1035 4091 1071 4142 ric
1088 4090 1124 4140 Μ

207 4279 257 4331 383
273 4297 309 4346 sq.
332 4277 413 4332 Paua·
436 4298 457 4331 c.
471 4282 496 4343 3,
506 4284 536 4331 15
553 4282 580 4331 in
607 4281 748 4331 crastinum
771 4296 832 4330 vero
855 4294 915 4329 oum
938 4286 1004 4330 esset
1026 4278 1169 4329 dominicus
1192 4277 1254 4327 dica.

119 4344 170 4399 397
188 4344 225 4412 cf.
242 4347 305 4400 Bas.
319 4353 342 4402 6.
430 4347 482 4400 398
490 4365 541 4415 sqq.
559 4351 593 4416 cf.
617 4348 732 4416 Tbaopb.
746 4352 796 4401 150
805 4364 841 4413 sq.
