2970 4890
595 342 622 396 Il
640 345 664 397 2.
682 341 829 396 Dulcitiaa

18 513 118 604 [112]
228 534 357 580 susumus.
402 513 678 600 contempnunt!

226 600 405 666 Domnulus.
450 599 546 680 Quid,
569 601 596 663 si
618 607 757 665 terream
782 601 965 686 suppliciis?
985 601 991 686 Ι

228 708 357 752 murres.
403 687 499 751 Parvi
521 686 701 772 pendunt!

228 773 405 839 Dominus.
448 772 493 837 Et
515 773 592 858 quid
614 773 718 854 fietll

228 880 357 924 sitires.
401 859 607 943 Praecogita.
1308 887 1321 925 s

96 949 115 1008 3
226 945 404 1010 Donamus.
449 945 565 1009 Ponite
587 944 659 1009 illas
681 944 714 1007 in
740 942 918 1008 custodiam
940 944 974 1008 iu
996 945 1183 1009 interiorem
1206 945 1276 1009 offi-

141 1033 234 1096 cinas
257 1031 390 1113 aedem,
421 1032 454 1095 iu
477 1033 566 1096 euius
588 1031 735 1116 proaulio
760 1032 975 1094 ministromm
998 1037 1168 1095 servantur
1188 1051 1277 1096 vasa.

227 1138 355 1182 murras.
401 1117 446 1182 Ut
469 1117 546 1203 quid
569 1137 609 1181 eo
636 1117 746 1180 loeill

227 1203 404 1269 Dmcirrus.
451 1204 523 1276 Quo
546 1224 566 1268 a
588 1222 641 1266 me
664 1203 869 1288 saepiuscule
892 1203 1015 1287 possint
1037 1203 1169 1267 visitari.
1190 1203 1196 1286 Ι

228 1309 356 1357 ursinus.
401 1289 447 1354 Ut
468 1290 572 1355 iubes.
1298 1314 1323 1353 ro

611 1396 816 1403 .—

227 1545 402 1610 Damius.
427 1543 512 1618 Quid
528 1566 547 1610 a
571 1553 628 1609 ant
643 1545 792 1631 captivae
807 1544 810 1603 l
824 1543 884 1607 sub
898 1544 961 1608 hoc
976 1545 1080 1609 noetis
1091 1552 1259 1630 tempore?
1273 1545 1277 1628 Ι

227 1651 354 1696 murres.
400 1630 528 1697 Vocant
548 1567 712 1716 dymuiM

229 1716 404 1784 Dnscrrws.
449 1718 654 1783 Accedamus
677 1717 819 1804 propius:
840 1718 845 1796 Ι

228 1823 356 1868 sumus.
402 1803 559 1868 Tinuulae
583 1805 723 1869 sonitum
745 1803 833 1866 vocis
853 1806 858 1882 Ι
878 1823 898 1865 a
920 1802 1017 1886 longe
1041 1799 1218 1866 audiemus.
1240 1806 1245 1878 1

94 1890 115 1949 2
228 1889 406 1955 Dominus.
462 1890 644 1955 Observate
678 1910 737 1976 pro
768 1889 889 1953 foribus
923 1909 995 1952 cum
1025 1888 1178 1969 lucernis,
1214 1908 1277 1973 ego
1297 1908 1322 1947 rs

144 1982 254 2039 autem
276 1976 402 2041 intrabo
422 1978 427 2058 Ι
448 1982 480 2041 et
502 1978 555 2041 vel
579 1979 697 2062 optatis
720 1975 925 2060 amplexibus
948 1995 1001 2040 ms
1024 1974 1186 2040 saturabo.
1206 1976 1212 2056 Ι

230 2082 357 2127 uramus.
402 2062 502 2144 Intra,
525 2063 805 2150 praestolabimur.

229 2372 365 2435 Anapus.
411 2370 497 2442 Quid
519 2377 643 2455 strepat
666 2391 724 2456 pro
748 2370 892 2435 foribus?

231 2456 365 2521 Hmsun.
410 2456 531 2520 Infelix
554 2456 712 2521 Dulcitius
736 2456 923 2541 ingreditur.
943 2458 948 2531 Ι

230 2541 371 2608 0H10N1A.
418 2542 508 2606 Deus
531 2563 589 2606 nos
612 2546 784 2624 tueaturll
1295 2565 1323 2604 so

230 2630 366 2694 Aeaeus.
412 2630 527 2692 Amen.

97 2708 117 2768 2
230 2712 369 2780 emolu.
417 2713 501 2787 Quid
533 2714 592 2778 sibi
621 2714 690 2777 vult
717 2713 840 2777 collisio
864 2713 1009 2785 ollarum,
1036 2714 1040 2788 Ι
1066 2710 1278 2775 caccaborum

144 2808 178 2866 et
201 2802 420 2883 sartaginum?
442 2800 446 2884 Ι
969 2813 975 2823 ·

227 2885 359 2953 Hmena.
405 2886 576 2951 Lustrabo.
621 2884 789 2965 Accedite‚
814 2903 945 2969 quaeso,
969 2901 1028 2966 per
1049 2881 1180 2945 rimulas
1202 2901 1276 2967 per-

137 2973 265 3037 sicite!
1295 2991 1323 3033 ss

153 2994 174 3059 p
223 3060 358 3123 Aeneas.
405 3055 490 3130 Quid
514 3063 585 3120 est?

223 3142 356 3208 Hlarus.
401 3143 500 3225 Ecce,
522 3144 584 3206 iste
606 3143 732 3223 stultus,
753 3142 758 3227 Ι
777 3149 886 3206 mente
914 3140 1081 3213 alienatus,
1103 3139 1108 3218 Ι
1128 3139 1280 3204 aestimat

136 3251 171 3295 se
194 3232 313 3293 uostris
335 3231 384 3293 uti
406 3230 648 3314 amplexibus!

229 3318 363 3380 Anares.
410 3315 496 3388 Quid
518 3315 615 3379 facit?

97 3393 116 3453 3
229 3401 362 3466 Hsasua.
409 3401 502 3466 Nune
526 3402 607 3465 ollas
623 3401 713 3465 molli
737 3400 826 3463 fovet
839 3397 975 3483 gremio,
998 3419 1082 3461 nunc
1097 3397 1278 3481 sartagines
1296 3429 1323 3468 ³0

144 3493 178 3553 et
201 3488 356 3552 caccabos
379 3509 431 3552 am
455 3489 595 3565 lectitat,
618 3488 710 3552 mitia
732 3486 835 3550 libans
858 3485 978 3549 oscula.

10 3590 62 3642 aas·
73 3583 127 3632 182.
232 3574 372 3639 emona
418 3510 610 3639 Epidiculum.

143 3717 242 3726 —

232 3800 261 3849 ll
281 3808 365 3866 agunt
382 3800 439 3862 dl¹,·
467 3802 499 3867 af.
519 3799 660 3861 Dulc.4§
672 3804 686 3848 1
790 3795 821 3847 17
840 3799 910 3848 Intro
928 3795 973 3845 Μι
1077 3795 1110 3847 18
1127 3797 1219 3862 strepit
1235 3793 1279 3844 M*

144 3865 178 3919 23
196 3870 357 3935 sartaginum
379 3871 437 3932 (·in·
457 3870 483 3919 ia
501 3885 554 3918 rac.
572 3886 604 3917 m.
615 3867 640 3922 2)
661 3866 699 3930 M,
718 3863 885 3931 sartaginuml
906 3865 961 3916 uini
976 3865 1008 3930 p¹

228 4039 245 4089 6
263 4043 298 4107 cf.
319 4048 378 4089 neto
396 4038 441 4101 (A.
453 4039 481 4090 S.
495 4038 561 4102 Apr.
577 4037 655 4089 1248
664 4037 729 4102 sqq.)
746 4054 767 4088 c.
780 4042 831 4100 2‚4
849 4045 875 4089 st
892 4038 954 4088 fecit
971 4051 1016 4086 sas
1033 4036 1102 4101 apud
1115 4035 1189 4086 talem
1208 4037 1256 4085 oss
1259 4035 1278 4083 i·

142 4108 254 4160 cialsm
278 4109 345 4159 tradi
363 4108 556 4169 custodiendas,
584 4108 629 4172 qui
654 4108 691 4158 eis
709 4108 866 4172 promitteret
883 4106 1041 4168 libertatem,
1060 4105 1082 4154 si
1101 4123 1162 4165 ...;
1181 4104 1209 4154 iu
1227 4119 1278 4168 quo

142 4186 230 4228 autem
248 4178 305 4228 loco
324 4177 384 4228 illae
401 4186 476 4228 erant
493 4177 610 4239 clausas,
635 4176 721 4226 omnia
739 4177 860 4227 utensilia
878 4175 982 4225 culinas
1001 4173 1054 4224 illic
1071 4173 1181 4238 reposita
1198 4171 1278 4223 habs-

142 4246 248 4296 bantur:
273 4246 333 4296 inde
352 4246 402 4296 Hr.
420 4247 487 4296 mira
502 4246 697 4310 perturbatione
716 4245 853 4310 officinam
871 4243 972 4309 effecit·
995 4251 1103 4293 ceteram
1121 4243 1155 4307 cf.
1175 4239 1279 4304 Koepks

138 4330 168 4378 p.
180 4318 218 4367 61.
305 4313 340 4365 28
358 4316 392 4380 cf.
412 4316 475 4370 Bas,
495 4318 537 4365 90.

194 4401 385 4451 Hamsvsrms
402 4414 493 4452 oreas.
1107 4392 1124 4447 9
