2970 4890
573 329 836 386 HllO‘l‘SVl'I'HAE
854 329 983 386 OPERA.
1069 326 1073 331 ’

749 706 798 771 IV

211 826 371 893 resero
395 826 558 893 ennom
572 806 757 892 rinnon
778 825 1111 892 ranrrosrssnn
1127 825 1347 894 unnuusrs

481 912 559 985 cm
583 912 773 978 nosram
795 911 1080 979 recreemus

311 997 360 1063 ut
383 997 597 1064 connum
612 998 940 1065 mansionen
963 997 1244 1065 concussus.

362 1153 478 1218 Inclite
500 1152 625 1238 Pelagi‚
648 1154 760 1218 martir
781 1154 953 1218 fortissime
977 1153 1095 1219 Christi

321 1236 365 1302 Et
386 1239 472 1304 bone
493 1241 659 1325 regnantis
680 1241 774 1304 miles
796 1260 856 1326 per
877 1241 1008 1304 saccula
1030 1243 1127 1326 regis,

321 1323 461 1410 Respice
483 1323 707 1390 Hrotsvitham
729 1327 799 1391 miti
821 1327 945 1411 pietate
967 1327 1138 1408 misellam,

319 1409 385 1492 Me,
408 1412 467 1475 tibi
488 1412 668 1477 subiectam
691 1411 809 1477 dareta
830 1420 940 1477 mente
963 1413 1140 1493 famellam,

325 1494 417 1569 Quae
440 1503 474 1562 te
496 1504 605 1562 mente
626 1500 707 1581 colo,
731 1519 862 1563 carmen
878 1519 1006 1584 quoque
1029 1507 1162 1586 pectore
1178 1520 1303 1587 promo,
1346 1511 1462 1577 solea*

321 1581 366 1646 Et
386 1582 448 1666 iac,
472 1585 582 1669 exigui
605 1604 722 1669 supero
745 1584 786 1649 de
810 1605 882 1650 rore
905 1586 1004 1669 rigari

321 1667 468 1734 Pectoris
491 1671 661 1735 obscurum
683 1672 748 1735 iam
771 1672 831 1735 mis
854 1672 1045 1736 clementius
1068 1676 1205 1755 antrum,

322 1753 393 1829 Quo
416 1757 537 1841 possim
558 1757 690 1821 laudum
713 1756 872 1842 condigne
894 1758 977 1821 mira
999 1764 1126 1821 tuarum

319 1841 559 1927 Famosumque
583 1850 671 1907 tuum
695 1844 818 1908 calamo
842 1845 970 1929 signare
993 1844 1200 1929 triumphum,

321 1925 365 1990 Et
387 1948 483 2012 quam
505 1929 656 1994 nobiliter
678 1928 832 1993 mundum
856 1951 927 1993 cum
951 1937 1054 1994 morte
1078 1935 1245 1994 cmsntum

319 2011 445 2096 Vicisti,
467 2014 602 2079 nitidam
625 2023 786 2080 mercatus
808 2017 965 2100 sanguine
987 2017 1139 2102 palmam.

363 2297 516 2366 Partibus
540 2301 680 2366 occiduis
704 2304 793 2367 fulsit
815 2305 936 2368 clarum
959 2302 1058 2367 decus
1081 2304 1177 2385 orbis,

319 2382 406 2450 Urbs
428 2395 577 2472 augusta,
599 2409 684 2452 nora
706 2389 819 2452 Martis
842 2390 970 2454 feritate
993 2389 1143 2475 superba,

323 2469 428 2543 Quam
451 2475 528 2538 satis
551 2474 701 2561 Hispauii
724 2476 842 2540 cultam
869 2483 1002 2539 tenuere
1026 2476 1139 2556 coloni,

324 2557 477 2624 Corduba
498 2560 623 2625 famoso
647 2562 792 2645 locuples
815 2562 856 2626 de
879 2563 1009 2625 nomine
1033 2561 1129 2640 dicta,

321 2643 436 2710 Inclita
459 2645 591 2730 deliciis,
614 2648 712 2711 rebus
735 2668 863 2734 quoque
886 2646 1056 2732 splendida
1080 2648 1212 2728 cunctis,

320 2732 464 2797 Maxime
487 2735 630 2819 septenis
653 2734 787 2819 sophiae
811 2736 937 2819 replete
959 2735 1085 2797 fluentis

319 2816 455 2883 Necnon
477 2841 518 2904 pe
560 2821 643 2884 etuis
666 2841 796 2906 semper
816 2820 985 2905 praeclara
1007 2818 1184 2904 triumphis.

323 2905 408 2969 Olim
431 2926 513 2991 quae
564 2907 665 2969 hristc
688 2907 794 2970 fuerat
816 2907 900 2971 bene
924 2904 1052 2969 subdita
1074 2907 1168 2982 iusto,

321 2989 419 3054 Fudit
441 2998 475 3056 et
496 2992 622 3055 albatos
645 2990 775 3055 domino
798 2992 992 3076 baptismate
1014 2997 1116 3055 natos.

320 3075 446 3140 Bellica
469 3076 526 3141 sed
550 3078 655 3142 subito
678 3079 778 3141 virtus
799 3078 884 3142 bene
908 3077 1037 3142 condita
1058 3079 1129 3141 iura

322 3162 469 3242 Mutavit,
493 3183 604 3226 sacrae
626 3163 702 3226 fidei
727 3163 908 3247 spargendo
931 3163 1063 3228 nefandi

321 3248 492 3332 Dogmatis
515 3269 668 3328 errorem,
689 3250 845 3333 populum
867 3250 1026 3335 laesitque
1048 3248 1189 3313 fidelem.

361 3333 492 3398 Perfida
512 3356 587 3398 nam
612 3333 845 3398 Saracenorum
869 3355 949 3418 gens
971 3335 1199 3400 indomitorum

320 3419 418 3484 Urbis
440 3419 545 3484 Marte
567 3422 650 3506 petit
673 3420 769 3484 duros
791 3421 924 3485 huiusce
947 3422 1090 3503 colonos,

319 3505 446 3591 Eripuit
467 3507 559 3591 regni
582 3514 702 3570 sortem
725 3507 786 3571 sibi
807 3508 839 3571 vi
862 3528 991 3593 quoquc
1015 3509 1093 3572 cleri

319 3590 532 3678 Extinxitque
554 3593 676 3657 bonum
697 3614 809 3677 regem
832 3595 1028 3680 baptismate
1050 3595 1167 3674 lotum,

298 3783 431 3833 Pettalus,
461 3784 592 3848 llmurtino
610 3785 644 3835 Μ
652 3784 663 3849 ΙΙ
731 3784 857 3852 3Respic
874 3785 907 3835 Μ
977 3783 1093 3851 bpronc
1111 3785 1155 3844 Μ;
1173 3786 1208 3850 cf.
1228 3785 1346 3837 Peteoa

213 3847 245 3900 12
257 3851 369 3901 occiduis
381 3852 464 3902 sicM
521 3853 554 3904 24
567 3854 936 3921 Perfidinamsalraceuorum
949 3851 1035 3919 (ccc)
1049 3853 1083 3904 Μ
1139 3851 1346 3906 250010n0sn1¹

212 3915 245 3967 26
262 3920 317 3969 uim
335 3919 369 3968 Μ
370 3939 377 3970 :
395 3923 497 3972 correxi

297 4093 430 4142 Pactolus.
457 4093 526 4159 lios.
544 4093 606 4144 adn.
624 4095 660 4144 od
677 4094 748 4144 Mar.
758 4097 798 4146 38.
870 4092 936 4162 les.
956 4094 1018 4146 adn.
1036 4094 1073 4144 od
1085 4096 1187 4159 p.3,2.
1259 4094 1292 4146 12
1310 4096 1344 4162 cf.

211 4157 291 4211 Dion.
304 4165 355 4211 116.
375 4166 421 4211 141
438 4160 548 4223 (nessa
566 4162 657 4214 Waca.
670 4166 721 4213 286
738 4171 794 4214 tum
811 4163 888 4214 simul
906 4165 1026 4215 occiduas
1043 4179 1209 4229 properemus
1222 4179 1346 4228 quaerere

212 4229 316 4294 portes).
381 4228 415 4280 13
427 4231 461 4296 cs.
475 4231 558 4282 Prud.
570 4232 648 4295 steph.
663 4233 827 4295 11,199urbs
839 4240 960 4299 augusta.
1026 4231 1059 4283 14
1071 4233 1106 4299 cf.
1119 4231 1193 4298 Vero.
1204 4233 1301 4284 Acci
1308 4237 1345 4285 12.

213 4295 245 4347 17
264 4299 299 4365 cs.
317 4298 379 4350 odra
398 4300 434 4350 od
457 4300 571 4364 Tleccph.
584 4303 621 4352 13.
708 4299 1262 4369 21cssPez.ace‚1>i0n.2oa‚A9n.rsr.
