2978 4898
527 357 790 414 HROTSVITHAE
807 357 937 413 OPERA.

270 528 414 594 Iusserat
436 530 479 595 ad
500 532 620 595 sociam
644 532 736 596 citius
759 551 906 596 remeare
929 531 1085 596 relictam.

273 614 338 689 Qui
361 616 452 699 dixit,
475 619 603 682 monitis
627 619 733 682 animo
755 624 922 704 permotus
945 618 986 682 ab
1009 619 1087 683 illis:

271 702 376 767 ‘Haec
398 705 460 768 iam
485 705 534 769 bis
558 705 649 769 denis
671 726 799 769 mecum
821 711 1046 792 permanserat
1068 707 1170 791 annis,

270 788 323 854 le
345 790 401 855 illa
423 791 571 856 dominus
594 792 741 856 sobolem
763 792 842 857 mihi
864 813 927 856 nec
951 791 1041 857 dedit
1063 795 1178 861 ullam:

270 876 409 964 Insuper
432 879 613 964 obprobriis
638 877 769 944 discessi
792 880 907 964 plenus
930 881 1047 944 amaris

270 963 384 1050 Nuper
407 964 447 1029 de
471 967 606 1053 templo,
630 986 727 1030 causa
750 966 899 1030 confusus
921 965 964 1031 ab
986 967 1073 1052 ipsa:

271 1050 314 1114 Et
335 1072 388 1116 me
412 1051 600 1139 despectum
625 1054 786 1138 tantisque
810 1053 902 1117 malis
925 1059 1102 1119 saturatum

272 1136 423 1203 Hortaris
445 1139 585 1225 regredi,
608 1139 702 1204 subdi
724 1141 892 1227 primoque
915 1139 1063 1226 pudori?

317 1224 369 1291 Ad
392 1247 487 1311 quem
511 1228 688 1291 mansuetis
711 1228 861 1291 caelestis
883 1229 1013 1291 nuntius
1036 1229 1116 1293 orsis

270 1312 336 1378 ‘Me
360 1313 429 1377 fore
453 1314 640 1378 caelestem'
663 1312 793 1378 dicebat
815 1312 949 1378 ‘credito
973 1315 1075 1378 civem

277 1398 518 1486 custodemque
541 1402 588 1464 tui
610 1402 730 1465 factum
754 1401 877 1486 pietate
900 1401 1030 1485 superni

273 1485 386 1572 Regis,
410 1488 464 1574 qui
485 1489 602 1552 iustam
626 1488 784 1552 consolari
806 1486 896 1552 dedit
917 1488 1047 1552 Annam

270 1573 337 1638 Per
358 1594 422 1656 me,
447 1573 522 1638 dum
545 1575 695 1661 preculas
717 1573 823 1639 flendo
846 1574 1058 1661 profunderet
1079 1575 1191 1642 almas.

271 1661 318 1725 At
339 1681 423 1726 nuno
445 1682 524 1747 ergo
547 1663 594 1725 tui
617 1682 714 1727 cause
737 1660 778 1725 de
801 1660 932 1726 cardine
955 1662 1037 1727 caeli

270 1749 387 1834 Aequa
410 1748 517 1813 ferens
539 1750 615 1813 veni
636 1750 806 1835 permagni
829 1748 949 1833 gaudia
972 1748 1056 1831 doni,

269 1834 407 1920 Hocque
431 1836 488 1900 tibi
512 1835 595 1918 dico,
620 1835 706 1921 quod
728 1857 804 1900 mox
826 1836 1023 1923 praenobilis
1045 1835 1143 1900 Anna
1300 1855 1347 1922 for,
1363 1860 1397 1908 qv

271 1920 441 2008 Concipiet
463 1929 572 1987 natam
596 1924 718 1988 cunctis
741 1923 856 1987 saeclis
880 1922 1108 1988 venerandam.

270 2007 364 2073 Haec
386 2009 471 2073 inter
492 2016 586 2073 natas
608 2010 772 2074 hominurn
796 2010 853 2074 det
875 2030 967 2075 sacra
990 2016 1131 2089 cunctas,

271 2094 409 2181 Spiritus
433 2102 466 2160 et
488 2098 603 2161 merito
628 2102 757 2161 sanctus
779 2098 963 2183 requiescet
984 2098 1018 2161 in
1039 2097 1110 2176 illa;

272 2183 322 2247 Ao
344 2202 405 2268 per
428 2203 523 2268 quam
547 2184 656 2248 veniet
678 2183 798 2249 mundo
821 2183 1005 2249 benedictio
1029 2203 1164 2265 summa,

273 2268 344 2333 Neo
365 2269 503 2354 primam
527 2271 674 2351 similem,
697 2291 758 2335 neo
781 2272 883 2335 fertur
904 2271 1026 2335 habere
1050 2275 1251 2356 sequentem.

273 2356 319 2419 At
339 2377 424 2421 nuno
447 2356 490 2421 ad
513 2358 633 2424 sociam
656 2364 781 2444 tempta
802 2378 950 2422 remeare
973 2359 1115 2437 beatam,

273 2441 365 2516 Quae
389 2443 535 2528 gaudens
558 2445 645 2508 omni
667 2451 792 2508 tantum
814 2445 920 2530 pariet
943 2443 1041 2510 decus
1064 2444 1147 2519 orbi;

270 2527 315 2593 Et
336 2549 467 2616 semper
488 2537 598 2617 grates
620 2532 734 2596 factori
756 2530 883 2596 reddite
908 2530 1028 2614 dulces,

272 2614 332 2680 eui
354 2617 477 2702 placuit
498 2619 631 2704 stirpem
655 2618 747 2683 vobis
770 2617 949 2683 concedere
972 2621 1082 2702 talem,

270 2701 408 2776 Qualem
431 2711 580 2791 percerte
603 2725 778 2792 numquam
802 2713 936 2770 tenuere
961 2705 1151 2792 prophetae,

270 2788 392 2855 Omnes
416 2791 512 2856 electi
534 2793 712 2879 posthaec
733 2812 798 2856 non
820 2800 893 2857 sunt
914 2792 1078 2857 habituri.²

314 2877 368 2941 Ad
392 2898 488 2963 quem
511 2880 676 2963 promissis
698 2879 843 2944 loachim
866 2881 1006 2944 laetatus
1027 2880 1060 2943 in
1083 2883 1161 2946 illis:

268 2962 314 3028 ‘si
336 2969 392 3028 tua
415 2971 504 3029 certo
526 2972 582 3030 tuo
605 2973 736 3031 maneat
758 2966 836 3030 mihi
859 2968 963 3052 gratia
986 2986 1090 3050 servo,

270 3049 326 3114 Ad
348 3056 476 3139 tempus
499 3051 633 3138 dignare
656 3073 730 3117 meo
752 3053 958 3139 requiescere
982 3059 1080 3136 teoto,

269 3135 314 3201 lut
335 3145 466 3223 gustare
490 3140 598 3204 cibum
620 3160 684 3204 non
709 3139 886 3225 dedignere
934 3142 1082 3206 aratum.³

311 3225 458 3310 Angelus
482 3232 615 3291 econtra
637 3226 767 3292 dicebat
789 3247 870 3292 voce
916 3247 1026 3292 ecora:

267 3307 412 3394 ‘Desine
435 3334 546 3400 posco,
570 3335 677 3378 meum
700 3313 879 3400 posthaec
901 3321 934 3379 te
958 3313 1065 3379 dicere
1089 3333 1228 3394 servum,

269 3396 351 3462 usse
375 3397 433 3463 sed
456 3401 624 3486 angelicae
648 3406 831 3465 consortem
855 3401 978 3466 credito
1002 3407 1137 3465 trrrmae.

267 3483 351 3549 Nam
374 3485 455 3551 mihi
476 3487 613 3552 terrenis
636 3508 718 3573 opus
741 3493 879 3552 estnon
904 3489 1029 3553 vescier
1051 3489 1143 3561 escis,

271 3569 376 3644 Quem
398 3574 504 3660 poscit
526 3574 647 3639 domini
670 3595 800 3662 semper
821 3575 1006 3661 praesentia
1028 3576 1159 3643 summi:

269 3657 476 3746 Quapropter
497 3682 627 3745 moneo,
650 3662 779 3726 domino
802 3662 956 3727 libamine
980 3682 1071 3726 sacro

247 3863 298 3918 172
321 3869 416 3934 regridi
443 3868 516 3934 M¹p¹
616 3866 666 3922 173
688 3873 724 3922 Ar
746 3871 777 3921 M
873 3867 923 3922 174
945 3872 1029 3923 uicem
1051 3871 1096 3923 M.-
1117 3871 1219 3923 corrm'
1240 3872 1299 3924 coll.

158 3931 232 3986 Mar.
250 3937 305 3987 212.
324 3939 383 3988 238.
402 3940 532 3990 937311.
552 3941 607 3991 871.
695 3938 746 3992 179
769 3956 911 4008 permagna
934 3937 1025 4008 gaudii
1041 3941 1084 3992 11ι
1109 3940 1188 4005 (corr.
1211 3958 1245 3993 m.
1264 3943 1297 4006 1),

161 4019 304 4071 permagna
321 4008 420 4074 gaudia
433 4024 455 4073 p
534 4006 585 4060 193
603 4010 630 4060 ei
647 4010 710 4060 mihi
728 4020 799 4062 certa
817 4018 862 4062 tuo
879 4018 982 4062 maneat
999 4018 1045 4062 tua
1061 4012 1146 4077 gratia
1162 4028 1237 4062 servo
1256 4010 1298 4060 Μ’

248 4175 300 4228 178
318 4180 353 4244 cs.
375 4176 446 4229 Mor.
462 4181 518 4230 186.
591 4177 642 4232 185
660 4180 837 4233 Pe-Mauaa
854 4180 1001 4247 quisnnlla
1018 4181 1069 4233 ruit
1086 4179 1297 4246 talisaliqusndo

158 4253 219 4297 ante
236 4263 294 4297 cam
312 4254 338 4299 et
354 4254 444 4314 postca
461 4265 513 4298 non
531 4249 579 4300 erit
591 4249 681 4303 similis
695 4250 732 4314 ei;
751 4248 785 4313 cs.
805 4249 895 4301 declat.
909 4249 992 4302 1188
1009 4266 1057 4302 nee
1069 4251 1176 4317 primum
1188 4249 1297 4301 similem

160 4315 216 4366 risa
239 4331 267 4367 es
289 4333 339 4368 neo
360 4316 455 4370 hebere
477 4325 634 4384 sequentem.
732 4317 782 4372 188
798 4336 835 4385 oq.
858 4320 892 4386 os.
916 4318 987 4372 Mar.
1005 4322 1055 4372 476
1070 4336 1108 4385 sq.
1134 4321 1203 4383 (266.
1226 4317 1298 4384 344),

163 4382 314 4451 00119889,
338 4384 456 4454 Τλεορὶι.
465 4389 526 4452 488,
545 4386 614 4454 Ago.
626 4388 684 4440 230.
