2970 4890
584 361 641 417 11.
657 359 761 416 Maria

258 533 321 598 Hic
343 532 441 599 heros
463 535 593 614 etenim,
616 533 658 600 de
682 554 746 620 quo
768 535 917 618 narrabo,
941 535 1096 611 Ioechim,

215 620 287 685 Tali
309 627 457 707 percerte
480 620 560 685 felix
580 621 763 708 patriarcha
784 628 916 707 nepote,

214 706 298 772 Toto
321 727 355 771 se
377 706 514 794 placidis
537 728 653 772 ornans
676 708 844 772 conamine
868 707 972 791 factis,

214 792 374 880 Quicquid
395 792 550 879 possedit,
572 814 632 880 per
653 800 719 859 tres
741 800 852 880 partes
873 795 1044 877 resecarit,

213 879 346 945 Partem
370 878 449 944 dans
471 879 576 945 viduis
598 881 778 968 peregrinis
800 887 897 967 atque
921 881 1051 968 pupillis

213 965 360 1053 Saepius,
382 967 559 1053 intemplo
582 973 708 1054 partem
730 966 961 1032 famulantibus
984 988 1074 1054 ergo,

215 1052 476 1139 Particulamque
499 1074 577 1119 suae
601 1054 709 1120 domui
731 1060 919 1119 servaverat
941 1057 1037 1121 omni.

211 1139 286 1205 Hoc
308 1161 435 1227 quoque
458 1161 522 1205 non
545 1162 618 1207 raro
641 1142 763 1206 iaciens
785 1142 909 1228 pietate
932 1140 1085 1228 benigna,

213 1226 321 1311 Digne
342 1227 527 1293 mercedem
550 1229 691 1316 suscepit
714 1227 853 1314 denique
876 1228 986 1308 telem,

212 1312 259 1377 Ut
280 1315 411 1401 propria
433 1316 645 1380 substantiola
666 1315 750 1379 bene
773 1315 987 1401 multiplicata

211 1400 228 1464 Ι
252 1401 317 1465 sius
337 1402 444 1488 gentis
466 1422 618 1488 proceres
639 1402 855 1488 praecelleret
876 1421 988 1466 omnes

244 1507 283 1551 ec
305 1488 366 1552 sibi
389 1489 586 1553 consimilem
610 1495 756 1574 portaret
777 1495 865 1553 terra
886 1493 1066 1574 potentem,

213 1572 318 1647 Quem
341 1576 386 1639 sic
407 1582 592 1640 cunctarum
615 1575 743 1640 fulciret
765 1596 803 1640 co
826 1576 859 1639 ia
879 1595 998 1641 rerum.

255 1659 415 1734 Quattuor
434 1661 486 1727 hic
508 1670 597 1728 certe
620 1683 693 1727 cum
715 1664 779 1727 iam
802 1597 939 1728 deliciter
960 1663 1031 1749 ipse

211 1744 369 1813 Volveret
390 1749 422 1812 in
444 1770 569 1815 summa
591 1749 720 1815 foruna
741 1750 843 1814 lustra
864 1755 980 1830 rotata,

212 1832 313 1898 Vultu
335 1836 581 1922 praepulchram
604 1837 665 1901 sibi
688 1835 896 1938 desponsavit
917 1837 1054 1901 amicam

210 1920 345 1986 Necnon
368 1923 581 2008 praenitidam
603 1923 774 1989 laudandis
795 1924 948 2006 moribus,
970 1922 1110 2007 Annam,

210 2007 346 2073 Acharis
367 2015 488 2093 natam,
510 2010 617 2075 David
641 2010 681 2076 de
704 2012 804 2097 stirpe
827 2016 980 2092 creatam,

209 2095 358 2160 Foedere
381 2096 481 2182 legali
503 2099 634 2184 proprio
658 2118 754 2183 quam
777 2097 898 2162 iuncxit
918 2097 1031 2161 amori.

212 2181 306 2248 Hanc
328 2190 438 2247 autem
461 2190 653 2264 memorant,
677 2185 821 2249 sterilem
842 2203 907 2249 nou
930 2188 1079 2270 tempore
1102 2202 1213 2269 parvo,

212 2267 234 2332 S
259 2290 310 2334 em
332 2276 443 2355 partus
466 2270 586 2336 homini
608 2271 729 2336 nullam
753 2271 898 2336 conferre
920 2268 1017 2334 fideli.
1233 2279 1329 2349 foto*

246 2356 373 2439 andem,
397 2356 531 2442 digestis
553 2357 602 2422 bis
625 2356 717 2422 denis
739 2357 863 2422 scilicet
884 2357 985 2439 annis,

213 2441 365 2528 Contigit,
388 2444 420 2508 in
444 2445 566 2531 templo
587 2444 732 2509 Ioachim
757 2443 816 2509 sub
840 2449 987 2529 tempore
1009 2443 1093 2507 festo

213 2528 304 2593 Inter
326 2535 468 2595 sacratos
491 2531 600 2596 altaris
623 2537 709 2596 stare
732 2531 904 2612 ministros,

211 2613 381 2681 Incensum
404 2616 492 2702 digni
514 2617 644 2682 fueraut
666 2618 720 2704 qui
741 2637 863 2705 ponere
886 2617 955 2681 visi.

213 2701 317 2775 Quem
340 2702 458 2768 Rubsn
481 2705 595 2790 templi
618 2704 694 2769 dum
716 2704 797 2769 vidit
819 2702 925 2768 scriba
947 2702 1077 2785 sacrati,

212 2787 341 2854 Exosus
361 2789 493 2871 lactum,
518 2790 610 2856 dietis
633 2790 750 2856 affatur
772 2791 904 2856 amaris:

209 2873 295 2940 ‘Non
316 2876 393 2941 licet
414 2877 592 2943 incensum’
615 2876 697 2943 dixit
716 2876 760 2943 ‘te
783 2884 918 2964 tangere
941 2880 1097 2957 sanctum,

211 2959 348 3027 Munera
370 2984 431 3028 uec
454 2963 584 3030 domino
603 2971 754 3117 praestat
776 2963 854 3029 dare
878 2961 1098 3042 sacrificando,

213 3046 261 3113 To
285 3051 360 3136 quia
383 3050 542 3137 despexit,
567 3073 602 3117 so
628 3053 688 3117 olis
711 3073 784 3117 cum
806 3051 893 3116 dona
914 3047 1070 3137 negavit?

187 3307 220 3360 67
243 3320 328 3376 patres
352 3310 395 3361 Μι
502 3310 537 3364 68
568 3313 661 3379 puellis
684 3313 727 3364 M:
750 3313 852 3365 corraei
879 3329 911 3364 ea·
942 3309 1130 3363 Pa-Mattlal
1156 3325 1235 3361 unam

101 3387 200 3445 partem
217 3380 297 3432 dabat
308 3381 402 3444 viduis,
421 3382 552 3449 orphanis,
569 3383 713 3450 peregrinis
724 3392 803 3449 atque
833 3383 973 3450 auperibus
991 3381 1049 3433 coll.
1067 3379 1239 3446 Tbeopb.22,·

99 3446 133 3510 cf.
151 3449 206 3499 ind.
223 3458 296 3501 mm.
376 3448 411 3502 73
427 3452 599 3504 substantiale
616 3451 691 3518 ΜΨ·
760 3451 795 3504 78
813 3401 832 3502 i
842 3452 945 3504 uiueret
960 3468 994 3502 er.
1011 3450 1071 3510 M¹,·
1088 3450 1122 3517 es.
1141 3448 1239 3501 Pelea

133 3518 244 3571 lustrata
261 3527 345 3572 rotata
362 3519 406 3570 Μι
503 3519 536 3571 79
560 3521 714 3589 ppulcbram
731 3522 769 3574 ric
786 3522 820 3573 M
834 3521 883 3586 (cie
899 3524 969 3573 ado
985 3518 1181 3587 praenitidam),·
1203 3520 1238 3585 es.

99 3587 153 3640 ind.
170 3589 240 3639 verb.
321 3588 355 3640 81
374 3590 483 3642 Acharis
501 3589 605 3643 assare
619 3592 721 3658 p.11¹⁷
739 3590 775 3655 (Δ
792 3592 879 3643 charis
896 3591 956 3657 up),
972 3606 1053 3655 ncqroe
1069 3604 1239 3640 veronenses

98 3657 223 3723 ignom
244 3659 294 3710 iate
304 3659 398 3720 Aebur,
417 3661 463 3725 qui
480 3661 572 3712 Acban
590 3661 735 3728 appellatur
753 3664 780 3712 in
798 3662 864 3713 libro
882 3661 942 3712 lesu
959 3661 1031 3711 Nave
1049 3657 1134 3709 Hrab.
1147 3656 1238 3709 Moser.

98 3725 199 3793 (Urgao
225 3725 294 3778 011
314 3727 394 3792 291⁶)
423 3737 448 3780 et
474 3730 510 3780 ric
536 3747 601 3782 cerro
626 3728 751 3797 Oppriaoi
772 3730 879 3782 metrico
901 3728 1034 3793 (Drsmeril
1057 3730 1126 3779 1847
1141 3727 1240 3793 p.99),

100 3796 233 3848 cunm
250 3796 361 3862 epistola
377 3796 415 3849 aa
432 3797 574 3866 sapam
597 3799 880 3864 (Martiae-Darsa&
897 3799 956 3850 coll.
979 3795 1059 3862 ampl.
1082 3796 1101 3846 I
1115 3799 1187 3861 302),
1204 3799 1239 3863 es.

98 3866 174 3916 door
198 3865 301 3917 lboade
323 3864 640 3935 P.0.rom.111p.cee
708 3867 742 3922 82
760 3871 846 3922 iunxit
862 3866 923 3934 M'p
992 3864 1026 3918 83
1042 3864 1190 3933 llllstsrilem
1210 3866 1243 3916 M

102 3931 136 3987 93
152 3936 252 3987 subolis
270 3934 332 4001 M',
348 3936 408 3988 ton
424 3955 447 3988 o.
459 3940 512 3989 168

184 4157 220 4211 68
242 4161 278 4225 es.
303 4157 506 4225 Theopwsq.
602 4157 634 4211 71
654 4176 706 4211 non
723 4176 795 4213 raro:
815 4157 1000 4212 Ps-Maaar
1017 4159 1082 4212 hoec
1099 4169 1185 4214 sutem
1202 4162 1240 4211 in·

103 4227 205 4279 eboarlt
228 4231 315 4280 lacero
338 4245 355 4279 a
377 4229 467 4294 quinto
490 4229 588 4280 decimo
610 4230 703 4281 mutis
726 4245 789 4282 suae
811 4246 889 4282 anuo.
976 4225 1011 4280 82
1033 4230 1068 4297 cs.
1092 4231 1240 4297 Gonu-349,

103 4296 156 4349 Pel.
168 4300 227 4362 207,
244 4298 340 4350 Atro
358 4296 407 4361 §a
486 4295 522 4349 90
544 4300 579 4365 es.
601 4299 682 4365 Goap.
694 4304 743 4351 541
760 4297 852 4366 (Verq.
871 4298 936 4350 Aea.
950 4296 980 4347 X
990 4301 1037 4349 6⁹1
1055 4300 1130 4351 dictis
1147 4299 1241 4351 affatur

105 4368 219 4430 muria).
309 4363 343 4417 98
360 4367 395 4432 ep‘.
412 4365 484 4418 Mor.
503 4371 557 4420 1⁶8.
