2970 4890
490 353 529 407 lll
549 357 571 406 l.
587 357 662 421 gesta
683 351 805 406 Ottoar'e:
820 351 965 419 praefatio.

715 727 741 791 I.

120 849 133 907 1
249 832 450 916 Gerbergae,
472 833 587 896 illustri
610 831 806 912 abbatissae,
895 833 945 896 oui
967 853 1025 917 pro
1049 834 1099 897 sui
1121 834 1296 899 eminentia

163 919 332 1005 probitatis
430 918 509 982 haut
536 919 640 982 minor
669 918 847 1003 obsequela
874 920 1101 999 venerationis,
1219 941 1295 984 uam

162 1026 221 1093 pro
243 1006 360 1091 insigni
382 1006 501 1089 regalis
524 1010 696 1068 stemmate
719 1005 957 1088 generositatis,
1034 1006 1182 1070 Hrotsvit
1257 1029 1295 1072 n-

162 1093 393 1169 deshemensis,
459 1092 573 1155 ultima
594 1091 778 1155 ultimarum
849 1091 908 1154 sub
931 1092 1113 1157 huiusmodi
1135 1113 1295 1178 personae

162 1178 302 1244 dominio
325 1177 540 1258 militantium,
629 1175 716 1262 quod
738 1177 860 1240 famula
881 1177 991 1242 herae.
1323 1202 1336 1242 a

118 1274 138 1335 2
248 1264 376 1329 Omea
397 1262 526 1346 domna,
550 1284 633 1348 quae
656 1263 798 1327 rutilanti
822 1264 973 1348 spiritalis
1060 1265 1218 1329 varietate
1241 1285 1293 1330 aa·

161 1352 304 1437 pientiae
320 1351 503 1437 perlucetis,
561 1370 626 1414 non
643 1351 790 1434 pigescat
805 1352 903 1414 vestri
919 1350 1073 1415 almitiem
1089 1351 1296 1436 perlustrare,

118 1446 137 1508 3
217 1437 304 1524 quod
325 1443 434 1502 restra
457 1436 638 1501 conlectum
661 1438 688 1499 si
709 1437 865 1520 ignoratis
888 1457 930 1501 ex
951 1438 1103 1502 iussione.
1161 1435 1201 1501 Id
1223 1437 1293 1523 qui·

162 1523 236 1588 dem
259 1525 366 1588 oneris
387 1524 587 1608 inposuistis,
616 1527 652 1586 ut
674 1529 768 1608 gesta
790 1525 931 1588 caesaris
954 1524 1095 1608 augusti,
1127 1543 1211 1607 quae
1233 1544 1295 1589 nee

163 1609 274 1674 auditu
289 1631 430 1697 unquam
447 1609 570 1673 affatim
586 1610 672 1674 valui
688 1609 852 1694 colligere,
924 1611 1057 1674 metrica
1071 1629 1294 1695 percurrerem
1312 1632 1339 1671 ro

117 1697 294 1762 tratione.
382 1697 421 1761 In
443 1696 536 1760 huius
559 1695 677 1760 sudore
700 1696 936 1780 progressionis
1022 1702 1175 1780 quantum
1198 1717 1294 1763 meae
1310 1707 1364 1775 sot.
1378 1709 1439 1760 131¹

160 1784 305 1847 inscitiae
329 1783 491 1846 obstiterit
514 1781 747 1883 difficultatis·
805 1784 876 1867 ipsa
900 1783 1059 1882 conjicere
1082 1784 1229 1884 potestis,

119 1867 968 2040 ⁵lttltttlltltsstt”lttllttlltlz
1051 1867 1296 2021 'bibiti-¹¹¹3

161 2043 275 2127 aliquis
296 2043 422 2106 nescius
509 2043 609 2127 ignoti
636 2062 696 2128 per
718 2041 921 2105 latitudinem
945 2042 1045 2105 saltus
1075 2042 1338 2125 essetiturus,1a

213 2128 270 2192 ubi
292 2129 394 2193 omnis
417 2128 533 2191 semita
598 2128 696 2192 nivali
719 2126 880 2192 densitate
902 2129 1067 2192 velaretur
1089 2127 1239 2211 obducta,

163 2213 278 2299 hicque
302 2214 389 2278 nullo
411 2213 504 2295 duce,
527 2214 585 2278 sed
608 2216 678 2278 solo
694 2215 1018 2299 praemonstrantium
1042 2221 1122 2277 nutu
1136 2212 1294 2299 inductus,

160 2320 244 2364 nunc
265 2321 325 2384 per
347 2299 441 2364 deria
464 2308 596 2381 erraret,
683 2322 768 2365 nunc
791 2302 871 2364 recti
886 2302 1048 2364 tramitem
1072 2301 1161 2364 callis
1183 2301 1294 2386 inpro-

162 2387 229 2451 vise
252 2387 438 2468 incurreret,
500 2386 603 2452 donec
625 2386 757 2452 tandem
782 2407 914 2451 emensa
937 2388 1094 2451 arboreae
1116 2385 1294 2454 medietate

162 2472 385 2557 spissitudinis,
473 2473 579 2537 locum
606 2480 737 2560 optatae
761 2473 1054 2559 comprehenderet
1081 2474 1207 2559 quietis,
1312 2494 1339 2536 ro

162 2559 291 2645 illicque
317 2558 452 2644 gradum
479 2560 600 2643 figens,
630 2561 764 2624 ulterius
791 2560 943 2646 progredi
972 2580 1037 2623 non
1062 2567 1295 2646 praesumeret,

161 2666 199 2709 us
222 2646 342 2710 uadum
365 2647 417 2710 rel
446 2647 509 2710 alio
532 2648 781 2732 superveniente
802 2646 1018 2728 induceretur,
1116 2647 1168 2711 vel
1198 2666 1294 2732 pree·

119 2735 139 2796 6
163 2667 307 2796 cedentis
330 2733 468 2817 vestigia
495 2733 759 2818 subsequeretur:
850 2734 927 2797 haut
956 2734 1050 2797 aliter
1072 2752 1145 2818 ego,
1168 2733 1294 2818 magni-

161 2817 293 2882 ficamm
314 2819 536 2904 prolixitatem
559 2841 666 2885 rerum
689 2822 776 2886 iussa
790 2819 927 2904 ingredi,
1014 2819 1173 2904 regalium
1185 2819 1293 2884 multi·

160 2905 338 2990 plicitatem
361 2913 528 2991 gestorum
551 2906 694 2971 nutando
718 2913 751 2971 et
773 2904 953 2970 vacillando
977 2906 1159 2991 aegerrime
1187 2910 1292 2971 trans-
1311 2923 1336 2964 aa

161 2992 254 3072 curri,
341 2991 456 3078 hisque
479 2991 654 3057 admodum
676 2993 836 3073 lacessita,
860 2993 1059 3077 competenti
1080 2993 1113 3055 in
1135 2992 1207 3056 loco

161 3076 327 3162 pausando
342 3079 469 3160 silesco,
523 3099 583 3143 nec
600 3081 776 3165 augustalis
816 3079 1021 3142 roceritatem
1037 3078 1251 3144 excellentiae

119 3164 230 3227 7sine
266 3162 385 3229 ducatu
419 3185 547 3251 appono
583 3167 701 3231 subire.
790 3100 824 3228 di
858 3166 943 3229 enim
972 3162 1208 3228 facundissimis

162 3249 443 3315 disertissimorum
467 3254 642 3334 sententiis,
730 3272 811 3336 quas
826 3251 878 3315 vel
900 3250 996 3315 modo
1021 3251 1156 3336 scriptas
1241 3251 1295 3316 vel

161 3337 249 3399 ocius
280 3336 320 3401 de
352 3338 401 3401 his
430 3338 527 3401 rebus
556 3360 620 3402 non
648 3337 761 3402 dubito
789 3337 860 3401 iore
890 3336 1086 3418 scribendas,
1177 3336 1294 3403 fuerim
1311 3352 1338 3394 ³⁰

160 3423 311 3502 animata,
336 3424 474 3487 fortasse
496 3425 708 3506 nanciscerer,
797 3423 883 3488 unde
905 3425 970 3488 mei
993 3423 1153 3489 rusticitas
1168 3425 1295 3490 velere-

118 3509 136 3570 8
160 3515 211 3572 tur
241 3509 481 3595 aliquantisper.
570 3510 663 3575 Nunc
693 3516 803 3574 autem
833 3531 929 3575 omne
959 3511 1043 3574 latus
1073 3517 1163 3575 tanto
1192 3511 1296 3598 magis

244 3703 331 3754 Grsra
348 3702 469 3753 Omoru.
515 3703 672 3754 Parerarro.
716 3701 919 3754 3Hrosuitl1¹
1024 3701 1145 3756 latmia
1163 3705 1209 3756 llis
1227 3722 1295 3758 corr.

159 3769 265 3820 Barack
283 3770 341 3821 coll.
362 3766 492 3836 Ganga?
599 3773 719 3823 buestro
738 3771 771 3822 Μ
872 3771 905 3824 12
929 3772 1088 3825 difficultatis
1106 3775 1234 3827 obstiterit
1251 3774 1295 3825 M:

159 3839 260 3890 corrm'
342 3838 375 3890 14
397 3841 499 3907 digesti
516 3839 550 3890 M
632 3839 667 3891 24
689 3842 880 3907 multiplicitate
899 3841 1297 3910 Mreorr.ltoepk011p.oo

159 3905 196 4028 gg
206 3916 352 3960 transcurre
365 3908 406 3959 M:
425 3927 492 3961 corr.
514 3910 586 3961 Perta
655 3908 689 3960 27
708 3911 850 3962 excellente
862 3911 897 3959 M
962 3909 997 3961 29
1015 3912 1252 3965 dissertissimorum
1265 3911 1297 3962 Μ

213 3979 298 4045 potius
311 3979 345 4044 p'

245 4133 331 4183 Grsrs
349 4133 471 4183 Omorrs
502 4133 658 4182 Pererrrro.
693 4129 762 4197 def.
777 4132 911 4196 prol.1‚9
929 4141 953 4184 et
971 4131 1053 4184 Prud.
1072 4133 1205 4186 bam.392
1223 4149 1294 4185 nam·

161 4216 211 4266 que
228 4201 281 4252 illic
298 4216 434 4252 numerose
451 4202 542 4251 cohors
559 4201 608 4251 sub
627 4201 742 4266 principe
760 4203 805 4251 tali
824 4199 870 4264 (rr.
889 4199 1006 4267 diabolo)
1025 4202 1125 4254 militat
1212 4200 1228 4253 9
1246 4217 1294 4252 nec

159 4270 262 4320 auditu:
279 4270 373 4321 nedum
390 4270 540 4321 manando
558 4267 604 4336 (cf.
621 4278 683 4335 qest.
701 4273 763 4329 245,¹
782 4272 816 4336 cf.
832 4286 946 4334 procera.
965 4271 1028 4322 ada.
1041 4275 1081 4322 28.
1163 4269 1197 4323 26
1214 4271 1294 4322 lacae·

160 4338 224 4389 sita:
240 4340 256 4388 i.
267 4354 287 4390 e.
306 4339 417 4398 iunctm
434 4341 468 4405 rs.
483 4355 512 4404 p.
527 4341 581 4401 187,
592 4341 633 4390 32.
720 4336 754 4390 32
771 4341 806 4405 es.
821 4354 850 4403 p.
864 4341 890 4403 3,
900 4343 925 4391 8.
