2970 4890
557 378 610 433 15.
633 375 803 445 Theophilus.

219 548 341 635 Diligo,
364 548 521 629 consolor,
544 549 681 633 propriis
705 551 883 635 amplector
906 555 939 613 et
961 551 1053 621 ulnis,

224 637 313 711 Quos
335 642 509 700 exorantes
532 635 651 698 crebris
673 635 853 721 himnisque
877 644 1028 701 vacantes

218 723 392 808 Invigilare
415 742 489 785 meo
513 741 608 785 cerno
632 724 821 806 saepissime
844 724 975 808 templo.

220 809 360 875 Materni
382 807 440 872 sed
462 809 510 872 vis
532 808 623 871 fortis
645 829 697 873 me
721 811 808 894 cogit
830 811 959 890 amoris,

220 896 304 960 Hinc
327 896 429 980 magis
452 915 531 979 erga
553 900 585 958 te
608 895 706 959 nimio
730 896 911 960 fervescere
936 897 1017 975 zelo,

223 981 320 1055 Quod
341 982 594 1068 praesumpsisti,
616 982 791 1045 tradendus
813 982 995 1068 perditioni,

220 1067 483 1154 Blasphemando
507 1068 571 1130 mei
594 1076 740 1132 sanctum
763 1076 992 1154 contempnere
1014 1075 1136 1144 natum,

224 1155 298 1238 Qui,
322 1154 401 1220 deus
425 1164 575 1218 aeternus
598 1155 639 1218 de
662 1162 755 1239 patre
780 1155 840 1219 deo
864 1162 1037 1239 generatus

222 1241 323 1306 Retro
345 1242 494 1327 principii
517 1241 690 1326 primordia
712 1263 792 1306 cana
815 1241 930 1320 sereni,

222 1328 273 1393 Ex
295 1348 347 1392 me
372 1327 521 1412 dignatus
544 1329 678 1413 sumpsit
701 1329 759 1392 sub
783 1334 930 1412 tempore
954 1348 1080 1411 corpus,

221 1414 315 1488 Quod
338 1413 427 1478 dedit
450 1415 610 1478 humanae
634 1417 729 1479 morti
751 1415 888 1477 nationis
911 1414 1044 1479 amore?

269 1501 361 1564 Talia
384 1501 502 1565 dicenti
526 1508 634 1564 castae
659 1500 777 1565 Christi
800 1501 946 1585 genitrici

223 1586 282 1651 Vir
303 1608 451 1651 maerens
475 1588 581 1650 animo
605 1594 716 1652 contra
739 1589 784 1651 sic
807 1589 892 1650 fatur
914 1605 1037 1651 amaro:

221 1672 262 1737 ‘0
285 1694 359 1738 mea
383 1674 510 1755 domna,
534 1675 610 1753 seio,
633 1675 829 1760 nimiumque
853 1675 985 1738 tabesco
1008 1671 1149 1740 sciendo.

222 1760 299 1825 Plus
321 1761 404 1824 iusto
428 1762 503 1845 quia
527 1759 645 1845 deliqui
667 1782 726 1847 spe
749 1768 862 1846 captus
884 1761 980 1839 inani,
1244 1774 1355 1838 telos*

222 1844 375 1912 Commisi
398 1848 518 1910 cunctis
542 1848 664 1910 facinus
687 1849 771 1912 vitiis
795 1868 921 1932 quoque
945 1846 1046 1933 peius,

224 1933 442 2018 Despiciendo
466 1933 562 1997 deum
587 1933 626 1997 de
651 1941 683 1997 te
706 1936 774 1998 sine
798 1933 892 1997 sorde
914 1933 1090 2019 profusum.

220 2018 305 2085 Hine
326 2040 391 2086 non
413 2041 483 2083 sum
507 2020 621 2103 dignus
643 2022 758 2084 veniae
782 2022 969 2106 conquirere
992 2038 1120 2085 munus:

222 2104 287 2171 Sed
309 2114 418 2171 tamen
441 2108 627 2191 exemplum
650 2107 741 2170 nobis
764 2108 905 2171 tribuere
929 2106 1040 2171 salutis

222 2189 407 2276 sperandae
431 2194 533 2273 multi,
558 2194 645 2257 vario
669 2195 723 2279 qui
746 2195 875 2258 crimine
898 2195 981 2278 lapsi

225 2278 303 2343 Post
324 2281 450 2364 lapsum
473 2281 630 2344 scelerum
654 2281 781 2344 veniam
803 2301 950 2345 meruere
974 2298 1113 2343 suorum.

223 2364 337 2430 Nonne
360 2366 522 2430 Ninivitas
545 2368 657 2432 mitem
681 2367 798 2431 Christi
821 2369 986 2451 pietatem,

222 2451 301 2515 Sese
325 2454 491 2536 condignis
514 2455 692 2518 cruciantes
717 2474 857 2538 namque
880 2452 1039 2528 lamentis,

221 2537 378 2604 Invenere
403 2541 498 2603 trium
521 2547 594 2625 post
615 2541 787 2605 intervalla
809 2539 956 2603 dierum?

220 2624 335 2690 Nonne
357 2622 475 2707 David,
496 2626 658 2711 propheta
681 2625 743 2706 dei,
766 2627 915 2711 princeps
939 2644 1066 2710 quoque
1089 2627 1182 2710 regni

220 2711 353 2793 Iudaici,
376 2714 507 2798 plebem
530 2712 650 2777 domini
674 2714 728 2798 qui
750 2713 835 2777 rexit
857 2711 1004 2790 herilem,

219 2799 335 2864 Illicito
357 2806 477 2886 nuptae
500 2800 606 2864 subito
629 2805 824 2885 praeventus
847 2818 967 2879 amore,

222 2885 295 2950 Non
317 2888 409 2951 timet
430 2886 553 2951 insidiis
577 2885 855 2951 circumveniendo
879 2884 998 2949 dolosis

223 2971 388 3038 Insontem
411 2976 477 3038 vita
499 2973 649 3038 fraudare
672 2975 775 3037 virum
797 2974 866 3037 sine
890 2992 997 3051 causa,

225 3057 423 3144 Complexus
446 3081 540 3126 carae
564 3062 650 3125 licito
674 3081 737 3145 quo
760 3065 871 3144 posset
892 3058 1030 3123 habere:

223 3144 289 3209 Sed
310 3153 491 3232 postquam,
514 3148 597 3211 vatis
618 3147 808 3231 perterritus
830 3145 1030 3211 advenientis

224 3231 411 3312 Admonitu,
434 3236 544 3319 culpas
568 3233 679 3298 didicit
702 3233 823 3298 deflere
846 3233 1013 3317 gemellas,

222 3318 354 3384 Delevit
375 3321 514 3385 lacrimis
537 3328 646 3385 tantae
670 3322 812 3385 maculas
834 3321 897 3385 cito
919 3319 1032 3400 sordis,

223 3403 371 3492 Suscepit
393 3428 516 3472 rursum
539 3408 730 3493 prophetiae
755 3427 882 3493 quoque
906 3406 1035 3471 donum.

223 3489 308 3565 Quid
330 3493 469 3558 referam
492 3495 635 3571 Petrum,
660 3493 787 3558 Christo
811 3499 951 3559 testante
975 3494 1127 3558 beatum?

224 3578 296 3660 Qui,
319 3585 489 3665 postquam
512 3581 561 3645 ius
583 3580 730 3645 solvendi
752 3580 937 3666 pariterque
959 3579 1081 3664 ligandi

222 3663 357 3732 Necnon
378 3668 564 3753 stelligerae
588 3668 696 3732 claves
718 3674 890 3752 acceperat
912 3667 1006 3732 aulae

223 3752 287 3816 Pro
309 3753 386 3820 fidei
408 3760 517 3820 rectae
540 3756 618 3819 satis
641 3774 797 3840 expresse
818 3754 952 3826 ratione,

222 3838 436 3921 Detestando,
461 3841 556 3906 deum
578 3862 651 3906 sese
674 3860 870 3925 cognoscere
893 3839 1064 3917 Christum,
1246 3858 1358 3924 solea*

222 3924 374 4009 Rennuit,
398 3929 533 3994 ancillae
556 3949 670 3993 vocem
693 3926 866 3991 metuendo
890 3926 1050 3990 nefandae
1075 3961 1115 3971 -

199 4078 253 4132 224
269 4080 305 4150 ot]
324 4108 344 4146 -ι
359 4084 394 4134 Μ
403 4095 509 4149 praeter
521 4084 728 4135 commacinam
746 4081 784 4146 (et
801 4099 849 4134 om.
859 4082 902 4147 12¹,
913 4098 948 4133 aa.
956 4081 1003 4149 p²)
1073 4078 1124 4132 256
1136 4087 1208 4144 tantq
1220 4116 1246 4131 ..

113 4150 197 4203 cordis
216 4151 257 4202 M:
274 4154 388 4209 correaer':
411 4156 445 4219 cf.
464 4172 515 4205 osc.
530 4158 569 4217 55,
591 4154 741 4220 Gmrqoro,
760 4152 823 4203 Bor.
836 4154 882 4202 196
986 4148 1037 4202 259
1055 4159 1112 4217 poet
1130 4148 1248 4217 quamuis

114 4219 160 4270 M:
178 4222 278 4272 correxi
295 4224 353 4273 coll.
372 4221 450 4272 Dion.
467 4226 613 4288 o.128rqq.

200 4337 311 4407 aecrqq.
330 4342 365 4406 cs.
377 4340 457 4391 Pauli
468 4358 488 4393 c.
505 4344 529 4405 2,
541 4347 572 4394 10
588 4338 659 4403 (Ion.
671 4343 695 4404 3,
712 4340 757 4391 nor·
767 4339 834 4390 nihil
851 4339 883 4391 de
895 4338 996 4399 triduo‚·
1012 4354 1101 4406 repam
1114 4337 1152 4389 ΙΙ
1160 4343 1189 4389 11
1197 4353 1249 4402 aar

116 4407 208 4461 Maon.
223 4413 259 4473 re,
278 4416 317 4462 rr.
336 4414 373 4461 ro.
391 4411 495 4475 coeo).
582 4408 633 4462 253
651 4411 686 4478 cs.
706 4409 769 4460 Bar.
784 4413 824 4461 oo.
