2970 4890
606 329 662 385 15.
683 329 855 399 rasponus.

268 501 445 568 Adducam
468 503 536 565 eius
559 503 608 566 fra
632 503 666 566 ili
689 504 876 588 saepissime
899 506 999 568 menti

269 589 396 654 Blanda
417 590 588 674 potestatis
610 524 848 654 delectamenta
869 591 984 674 prioris

269 675 516 762 Despectusqne
541 696 672 759 gravem
697 677 773 740 facti
795 678 980 762 nuperrime
1003 686 1132 743 sortem.

268 761 339 826 Nec
360 764 494 847 laqueos
517 762 631 826 harum
653 770 836 827 retraxerat
858 763 1053 843 insidiarum,

270 848 385 913 Donec
407 849 569 933 captivum
592 848 712 913 Christi
735 850 827 913 duxit
849 851 909 913 sibi
933 871 1075 924 servum;

266 934 337 999 Nec
359 955 459 1014 mora,
483 935 532 998 vir
554 935 645 998 fortis
668 937 733 999 vita
755 937 942 1021 meritisque
966 938 1104 1002 celebris

267 1021 385 1086 Mentis
408 1023 559 1085 virtutem
583 1021 717 1085 demens
740 1022 904 1086 abiecerat
927 1045 1066 1104 omnem,

267 1107 337 1172 Nec
360 1110 601 1194 temptamentis
625 1107 746 1172 studuit
767 1116 891 1173 restare
914 1110 1070 1185 nefandis,

267 1193 334 1258 Sed
359 1196 461 1259 rietus
484 1195 582 1259 cessit
604 1197 785 1280 mentisque
809 1194 920 1259 dolore
944 1197 1094 1269 tabescit;

270 1279 396 1366 Quique
419 1282 507 1365 prius
530 1281 619 1365 plebi
642 1283 763 1366 sprevit
786 1282 935 1366 princeps
959 1281 1127 1365 dominari,

267 1366 409 1431 Affectst
431 1368 508 1431 iuris
530 1388 667 1452 pompas
689 1389 772 1431 nnnc
795 1368 963 1431 inferioris.

268 1451 413 1518 Tandem
438 1452 589 1518 seductus
612 1462 744 1518 caecato
769 1453 866 1518 corda
889 1455 1033 1518 misellus

268 1537 438 1613 Quendam
459 1560 648 1625 perversum
672 1541 765 1625 petiit
788 1542 923 1604 festinus
945 1540 1145 1621 Hebraeum,

270 1624 333 1698 Qui
355 1628 481 1711 magica
503 1628 613 1712 plures
636 1627 767 1713 decepit
788 1627 902 1690 frande
926 1627 1049 1708 fideles,

272 1712 547 1798 Prolambensque
571 1734 645 1777 snas
668 1721 829 1799 prostrato
853 1734 987 1799 corpore
1011 1716 1138 1800 plantas

268 1798 373 1884 Ipsius
396 1800 549 1864 auxilinm
573 1801 699 1885 flagitat
722 1800 918 1864 lacrimando
941 1800 1126 1864 nefandum.

268 1885 341 1966 Qui,
363 1907 460 1972 super
483 1888 617 1950 amantis
641 1888 749 1971 lapsus
773 1886 944 1971 gaudendo
967 1889 1136 1971 malignus,

267 1971 371 2038 Nocte
393 1974 505 2058 procul
530 1972 627 2037 dnbio
650 1975 742 2037 iussit
763 1975 889 2037 venisse
912 1974 1029 2056 futura,

269 2059 475 2140 Promittens,
498 2066 681 2145 promptam
705 2059 877 2145 despectus
901 2080 972 2123 esse
995 2059 1168 2138 medelam,

269 2144 303 2209 Si
326 2146 467 2230 parendo
490 2146 555 2209 suis
578 2146 679 2211 vellet
700 2153 824 2210 tantum
848 2145 988 2209 suadelis

270 2231 336 2296 Sub
359 2231 480 2296 ditione
504 2233 552 2296 sni
575 2240 649 2317 post
672 2233 753 2297 haec
776 2233 923 2297 habitare
944 2233 1099 2316 magistri.

312 2318 372 2381 His
395 2319 447 2383 hic
468 2319 582 2382 infelix
605 2321 733 2382 monitis
757 2326 869 2404 captus
892 2321 977 2383 male
1000 2318 1125 2382 blandis

269 2402 444 2469 Daemonis
468 2406 623 2490 obsequio
647 2408 735 2470 saevi
759 2407 856 2490 gestit
877 2406 1017 2490 religari,

270 2487 342 2562 Quo
365 2492 410 2556 sic
431 2492 610 2555 umbratilis
632 2513 747 2556 munus
769 2493 939 2556 meruisset
961 2492 1099 2555 honoris.
1290 2509 1338 2576 sol.
1352 2513 1400 2561 49²

268 2577 382 2660 Quem,
405 2598 469 2641 non
492 2579 652 2662 signatum
676 2580 767 2663 signo
791 2586 921 2643 sanctae
946 2579 1046 2641 crucis
1069 2580 1165 2657 almo,

269 2663 335 2728 Sed
358 2684 452 2748 mage
477 2664 673 2729 daemonicis
697 2665 913 2729 confidentem
937 2664 1086 2743 suadelis,

269 2750 366 2816 Ocius
387 2751 442 2814 ille
465 2771 579 2836 magus
602 2773 710 2815 secum
735 2753 827 2816 duxit
848 2751 1037 2815 maledictus

268 2837 371 2900 Trans
393 2837 508 2901 urbem
532 2839 590 2902 sub
614 2840 776 2902 noctnmis
800 2846 925 2902 secreto
949 2837 1100 2913 tenebris,

266 2923 379 2987 Intulit
402 2925 498 3008 inque
522 2925 629 2988 locum
651 2927 752 2989 multo
776 2926 969 2989 fantasmata
994 2925 1135 3009 plenum,

157 3036 196 3074 mo
269 3009 307 3072 In
330 3030 392 3095 quo
416 3013 549 3075 tartarei
573 3018 730 3076 steterant
751 3014 784 3075 in
807 3018 898 3075 veste
922 3011 1027 3074 coloni

137 3111 141 3116 ·
268 3095 355 3159 Alba
379 3096 530 3161 candelas
552 3100 661 3182 plnres
684 3099 833 3162 manibus
856 3099 1042 3162 retinentes.

266 3182 358 3247 Inter
381 3205 461 3268 quos
483 3185 608 3249 medius
631 3187 780 3270 princeps
803 3185 967 3248 residebat
988 3185 1125 3270 iniquus.

268 3267 331 3341 Qui
353 3289 414 3332 rex
436 3277 486 3334 est
508 3273 629 3349 mortis,
653 3273 760 3356 proles
784 3292 912 3356 quoque
935 3272 1132 3358 perditionis,

269 3353 418 3421 Suadens
441 3356 630 3422 damnandis
653 3365 760 3421 astuta
782 3358 895 3422 fraude
919 3360 1082 3439 ministris,

159 3466 196 3505 roa
267 3440 400 3528 Inpigre
424 3446 544 3507 cunctis
566 3445 781 3530 praetendere
806 3445 990 3509 calliditatis

268 3529 430 3593 Assuetae
454 3532 597 3615 laqueos,
622 3552 735 3594 omnes
758 3538 888 3614 captare
912 3540 1053 3617 paratos.

311 3617 356 3679 At
378 3637 492 3701 magus
516 3624 676 3682 errantem
701 3618 916 3703 damnumque
940 3620 988 3682 sui
1012 3621 1193 3705 cupientem

267 3700 346 3765 Mox
369 3702 409 3765 ad
434 3705 599 3768 concilium
624 3704 824 3789 perducebat
846 3706 1052 3787 scelerosum,

266 3787 513 3876 Prostratusque
536 3792 584 3855 sui
606 3793 725 3876 plantis
749 3792 903 3876 extimplo
927 3792 1072 3876 magistri

246 4009 280 4063 72
300 4015 405 4080 potestis
423 4012 454 4062 M
540 4013 573 4063 94
594 4016 652 4077 Quo
675 4015 712 4065 sic
737 4014 882 4064 umbratilis
904 4016 940 4065 sic
958 4014 993 4063 M
1075 4013 1109 4066 98
1127 4016 1243 4065 noturnis
1262 4013 1294 4063 M

161 4076 194 4130 99
213 4082 283 4146 plcnl
301 4083 332 4133 M
418 4080 468 4132 102
487 4084 602 4134 residebis
621 4083 652 4132 M
744 4081 793 4133 105
810 4083 937 4134 callidatis
954 4083 989 4134 M

163 4184 427 4196 ——----.-..-
432 4188 468 4196 .-

249 4249 282 4302 79
294 4255 328 4319 cf.
341 4254 472 4318 Aya114.
525 4252 558 4304 82
571 4252 892 4320 cfiBaa.184,Ayn.234.
946 4250 979 4302 87
993 4255 1027 4320 of.
1037 4253 1100 4304 Bos.
1110 4257 1149 4319 99,
1158 4265 1220 4320 pert.
1233 4257 1289 4305 296.

161 4324 214 4370 616.
286 4319 335 4371 103
353 4325 387 4390 of.
406 4323 484 4373 Paul.
503 4324 539 4372 od
560 4323 677 4374 Thessal.
693 4322 791 4383 1123
808 4322 877 4372 filius
895 4323 1044 4389 perditionis
1062 4322 1104 4384 (dc
1123 4322 1290 4387 aadclrriato).

214 4407 401 4460 Haorsvrrnss
419 4423 510 4461 ossas.
1120 4407 1138 4461 5
