2970 4890
624 353 636 406 I
654 354 678 407 4.
697 352 835 421 Pelagius.
1260 356 1295 410 53

267 525 334 600 Qui
357 524 483 612 pridem
504 525 621 589 merito
644 525 745 609 gessit
767 525 889 610 regalia
911 529 1040 609 sceptra

265 611 312 676 Et
335 613 424 676 cives
446 611 536 676 iustis
559 608 683 675 domuit
705 616 784 697 quot
806 619 954 696 tempora
975 610 1084 674 frenis.
1293 608 1343 674 sot.
1355 612 1404 662 391

150 726 179 767 so
270 697 393 762 Hostili
415 697 500 762 ferro
524 703 612 761 certe
636 717 698 782 quo
720 698 786 761 iam
808 719 846 761 su
871 703 961 761 erato

268 787 319 849 Ac
341 785 401 848 reli
424 805 466 847 uo
489 783 574 847 victo
598 789 688 847 tanta
711 782 752 848 de
775 718 876 847 oaedb
899 783 1041 869 popello,

270 870 395 934 Ductor
440 869 606 933 arbaricae
630 871 745 953 gentis,
769 875 907 933 structor
929 887 1057 954 quoque
1079 886 1219 951 pugnae,

269 955 329 1019 Vir
350 962 401 1021 sat
423 975 604 1041 perversus,
627 956 694 1019 vita
715 956 843 1041 rituque
866 955 1031 1040 profanus,

275 1041 428 1106 Vindicat
450 1042 577 1126 imperii
600 1048 719 1105 sortem
742 1041 803 1105 sibi
826 1041 964 1127 denique
988 1041 1079 1123 tanti,

272 1125 419 1191 Collocat
443 1133 476 1191 et
498 1128 602 1191 socios
625 1128 780 1212 populato
803 1148 876 1191 rure
899 1126 1068 1207 nefandos,

271 1213 413 1298 Implens
434 1220 636 1277 maerentem
659 1233 723 1276 non
745 1214 857 1298 paucis
879 1212 1026 1278 hostibus
1048 1215 1173 1298 urbem,

269 1299 391 1364 Polluit
413 1306 447 1363 et
467 1304 613 1363 veterem
659 1319 736 1363 urae
758 1297 835 1363 fidei
857 1300 1056 1383 genetricem

269 1383 444 1450 Barbarico
468 1385 540 1467 ritu,
565 1320 750 1470 quodnam
771 1385 956 1449 miserabile
980 1383 1076 1465 dictu,

269 1469 423 1554 Paganos
445 1472 536 1535 iustis
558 1470 807 1535 intermiscendo
831 1471 962 1552 colonis,

275 1555 347 1629 Quo
370 1558 431 1623 sibi
453 1556 627 1621 suaderent
648 1558 771 1642 patrios
794 1557 970 1621 dissolvere
993 1577 1099 1621 mores

272 1641 389 1728 Deque
413 1644 583 1729 profanato
606 1664 716 1707 secum
738 1642 870 1707 sordere
893 1644 1022 1707 sacello.

314 1731 445 1814 Agmen
467 1729 525 1793 sed
547 1736 695 1793 tenerum
719 1729 845 1793 Christo
868 1736 998 1815 pastore
1020 1728 1199 1828 regendum

269 1814 396 1879 Iussum
419 1816 564 1901 perversi
585 1817 708 1901 respuit
729 1837 807 1879 mox
829 1815 920 1879 triste
942 1822 1079 1900 tyranni,

268 1901 388 1966 Dicens
410 1903 507 1966 malle
529 1903 621 1982 mori,
644 1902 753 1986 legem
775 1922 904 1988 quoque
926 1908 1029 1965 morte
1052 1902 1146 1982 tueri,

269 1985 390 2052 Vivere
413 2009 511 2072 quam
534 1989 630 2051 stulte
653 1989 751 2052 sacris
774 1986 959 2052 famulando
983 1987 1127 2051 novellis.

270 2073 341 2147 Quo
365 2095 425 2138 rex
448 2081 624 2159 comperto,
647 2094 712 2138 non
735 2075 858 2160 absque
881 2074 931 2137 sui
952 2073 1021 2138 iore
1045 2071 1161 2138 damno

269 2158 386 2242 Sensit,
409 2161 436 2223 si
459 2160 580 2225 cunctis
602 2161 723 2245 pariter
744 2159 932 2244 praedivitis
954 2160 1053 2242 urbis,

271 2244 376 2319 Quam
400 2245 513 2311 crebro
537 2245 664 2310 validae
689 2247 775 2331 cepit
797 2247 970 2310 luctamine
992 2264 1132 2331 pugnae,

271 2331 401 2396 Civibus
425 2331 587 2396 excidium
609 2333 719 2396 mortis
743 2333 904 2396 conferret
926 2353 1080 2396 amarum.

268 2417 319 2482 Ob
344 2418 430 2502 quod
453 2418 619 2482 decretum
641 2420 728 2502 prius
750 2417 950 2482 immutando
974 2423 1138 2498 statutum,

272 2503 386 2568 Sanxit
407 2525 486 2568 mcx
508 2505 616 2589 legem
639 2506 771 2589 vulgato
796 2503 949 2589 dogmate
972 2505 1081 2584 talem,

270 2590 324 2672 Ut,
349 2591 490 2676 quisquis
512 2591 584 2674 regi
605 2591 718 2655 mallet
740 2591 860 2654 servire
883 2592 1017 2675 perenni

269 2676 312 2740 Et
333 2683 461 2761 patrum
483 2697 590 2740 mores
614 2678 689 2740 olim
712 2697 842 2740 servare
864 2675 988 2756 fideles,
1291 2695 1403 2761 soles*

269 2762 342 2826 Hoc
364 2763 488 2827 laceret
509 2763 607 2842 licito,
630 2763 719 2827 nulla
740 2769 815 2847 post
837 2761 962 2825 vindice
985 2782 1100 2846 poena,

269 2846 342 2912 Hac
364 2850 468 2913 solum
492 2854 585 2912 caute
609 2856 737 2914 servata
760 2847 953 2929 conditione,

268 2932 319 2997 Ne
343 2936 413 3020 quis
436 2935 604 3020 praefatae
629 2936 706 2999 civis
728 2940 953 3019 praesumeret
973 2934 1061 2998 urbis

268 3019 362 3084 Ultra
385 3021 613 3106 blasphemare
637 3021 697 3085 diis
720 3042 797 3084 auro
821 3019 994 3097 fabricatis,

270 3104 359 3178 Quos
382 3108 531 3192 princeps
555 3109 688 3187 coleret,
711 3128 765 3171 sce
790 3114 873 3170 trum
897 3106 1090 3192 quicumque
1112 3113 1250 3188 teneret,

271 3190 336 3255 Seu
360 3199 457 3279 ceput
480 3201 596 3258 exacto
621 3195 712 3259 citius
734 3129 929 3278 subiungere
952 3191 1037 3257 ferro

269 3277 312 3341 Et
335 3280 561 3344 sententiolam
585 3281 664 3345 loeti
686 3281 831 3364 perferre
854 3299 1050 3365 supremam.

313 3364 373 3429 His
396 3367 441 3430 ite
466 3366 598 3450 digestis
621 3368 770 3431 simulata
791 3387 873 3452 pace
896 3365 1019 3452 quievit

269 3448 395 3515 Obruta
417 3453 505 3516 mille
528 3454 621 3517 malis
643 3454 739 3517 toties
762 3453 838 3517 urbs
860 3473 978 3537 nempe
1001 3451 1115 3515 fidelis.

269 3535 336 3600 Sed
359 3538 385 3601 si
409 3559 488 3624 quos
510 3539 594 3624 ignis
621 3539 739 3603 Christi
761 3541 920 3604 succensit
942 3538 1060 3602 amoris

267 3621 467 3710 Mertiriique
490 3626 558 3689 sitis
581 3626 681 3689 suasit
703 3646 907 3712 corrumpere
931 3624 1023 3689 dictis

156 3732 183 3772 cs
270 3706 444 3793 Marmora,
469 3732 552 3797 quse
575 3712 725 3798 princeps
748 3718 893 3797 comptus
917 3710 1101 3776 diademate
1125 3708 1242 3794 suplex

244 3930 279 3983 30
297 3943 421 4001 superata
438 3936 480 3985 Μι
552 3933 586 3986 66
605 3937 692 3986 orbern
712 3936 755 3985 Μ1
824 3935 857 3987 39
875 3937 1053 3988 intermiscedo
1070 3936 1104 3985 Μ
1170 3934 1204 3987 66
1223 3949 1293 4003 prue-

157 4011 275 4067 sumpret
292 4003 326 4052 Μ
400 4004 432 4056 61
453 4013 512 4072 pate
532 4004 564 4054 M
641 4003 675 4055 63
693 4006 826 4056 succendit
845 4004 937 4065 Celsen
954 4007 988 4072 of.
1008 4005 1090 4056 Pmc.
1108 4005 1187 4070 steph.
1208 4006 1293 4067 o,3oo

155 4072 246 4122 mortis
264 4069 389 4141 incensus
408 4075 451 4124 siti
539 4071 573 4124 64
591 4074 652 4125 satis
670 4073 713 4124 M:
731 4091 798 4125 corr.
816 4073 967 4139 Popsbroch

245 4256 280 4309 44
297 4259 331 4326 of.
352 4261 423 4312 Gall.
443 4262 463 4311 Ι
476 4263 559 4324 2§3.
631 4260 666 4315 46
684 4263 719 4330 cf.
737 4263 843 4315 Potor.
913 4259 946 4313 47
965 4262 1000 4328 cs.
1018 4262 1140 4313 Peiros.
1211 4256 1292 4325 bles.

158 4325 243 4379 Pais
259 4329 338 4393 steph.
356 4335 379 4394 o,
392 4334 426 4383 27
441 4332 506 4383 hacc
523 4348 585 4382 saxa
604 4347 671 4398 quas
689 4331 806 4398 princeps
823 4331 892 4384 colit.
979 4329 1013 4382 61
1031 4332 1066 4398 cs.
1083 4329 1155 4381 Mor.
1169 4331 1223 4381 659.
