<?xml version="1.0" encoding="UTF-8"?>
<!DOCTYPE html PUBLIC "-//W3C//DTD XHTML 1.0 Transitional//EN"
    "http://www.w3.org/TR/xhtml1/DTD/xhtml1-transitional.dtd">
<html xmlns="http://www.w3.org/1999/xhtml" xml:lang="en" lang="en">
 <head>
  <title>
</title>
<meta http-equiv="Content-Type" content="text/html;charset=utf-8" />
  <meta name='ocr-system' content='tesseract 3.04.00' />
  <meta name='ocr-capabilities' content='ocr_page ocr_carea ocr_par ocr_line ocrx_word'/>
</head>
<body>
  <div class='ocr_page' id='page_1' title='image "./hrotsvithaeoper00hrotgoog/hrotsvithaeoper00hrotgoog_0162.png"; bbox 0 0 2970 4890; ppageno 0'>
   <div class='ocr_carea' id='block_1_1' title="bbox 636 321 871 376">
    <p class='ocr_par' dir='ltr' id='par_1_1' title="bbox 636 321 871 376">
     <span class='ocr_line' id='line_1_1' title="bbox 636 321 871 376; baseline -0.009 -1"><span class='ocrx_word' id='word_1_1' title='bbox 636 321 663 375; x_wconf 92' lang='lat'>11</span> <span class='ocrx_word' id='word_1_2' title='bbox 680 322 705 374; x_wconf 73' lang='lat'>2</span> <span class='ocrx_word' id='word_1_3' title='bbox 723 321 871 376; x_wconf 64' lang='lat' dir='ltr'>Mons.</span> 
     </span>
    </p>
   </div>
   <div class='ocr_carea' id='block_1_2' title="bbox 729 494 775 559">
    <p class='ocr_par' dir='ltr' id='par_1_2' title="bbox 729 494 775 559">
     <span class='ocr_line' id='line_1_2' title="bbox 729 494 775 559; baseline 0 0"><span class='ocrx_word' id='word_1_4' title='bbox 729 494 775 559; x_wconf 85' lang='lat' dir='ltr'>IL</span> 
     </span>
    </p>
   </div>
   <div class='ocr_carea' id='block_1_3' title="bbox 384 595 1120 754">
    <p class='ocr_par' dir='ltr' id='par_1_3' title="bbox 384 595 1120 754">
     <span class='ocr_line' id='line_1_3' title="bbox 404 595 1102 662; baseline 0.001 -1"><span class='ocrx_word' id='word_1_5' title='bbox 404 596 562 661; x_wconf 77' lang='lat' dir='ltr'>PASSIO</span> <span class='ocrx_word' id='word_1_6' title='bbox 586 595 859 661; x_wconf 66' lang='lat' dir='ltr'>saxonum</span> <span class='ocrx_word' id='word_1_7' title='bbox 875 596 1102 662; x_wconf 67' lang='lat' dir='ltr'>mrum</span> 
     </span>
     <span class='ocr_line' id='line_1_4' title="bbox 384 683 1120 754; baseline 0.001 -7"><span class='ocrx_word' id='word_1_8' title='bbox 384 683 548 748; x_wconf 81' lang='lat' dir='ltr'>AGAPIS</span> <span class='ocrx_word' id='word_1_9' title='bbox 578 683 799 748; x_wconf 79' lang='lat' dir='ltr'>CHIONIAE</span> <span class='ocrx_word' id='word_1_10' title='bbox 829 683 887 747; x_wconf 89' lang='lat' dir='ltr'>ET</span> <span class='ocrx_word' id='word_1_11' title='bbox 917 684 1120 754; x_wconf 76' lang='lat' dir='ltr'>HIRENAE</span> 
     </span>
    </p>
   </div>
   <div class='ocr_carea' id='block_1_4' title="bbox 269 779 1360 1385">
    <p class='ocr_par' dir='ltr' id='par_1_4' title="bbox 269 779 1360 1385">
     <span class='ocr_line' id='line_1_5' title="bbox 269 779 1318 866; baseline 0.002 -24"><span class='ocrx_word' id='word_1_12' title='bbox 269 800 351 866; x_wconf 86' lang='lat' dir='ltr'>quas</span> <span class='ocrx_word' id='word_1_13' title='bbox 374 780 433 843; x_wconf 89' lang='lat' dir='ltr'>sub</span> <span class='ocrx_word' id='word_1_14' title='bbox 460 787 617 842; x_wconf 86' lang='lat' dir='ltr'>nocturno</span> <span class='ocrx_word' id='word_1_15' title='bbox 641 781 768 843; x_wconf 88' lang='lat' dir='ltr'>silentio</span> <span class='ocrx_word' id='word_1_16' title='bbox 784 779 942 842; x_wconf 88' lang='lat' dir='ltr'>Dulcitius</span> <span class='ocrx_word' id='word_1_17' title='bbox 964 801 1095 865; x_wconf 79' lang='lat' dir='ltr'>praeses</span> <span class='ocrx_word' id='word_1_18' title='bbox 1119 781 1201 844; x_wconf 91' lang='lat' dir='ltr'>clam</span> <span class='ocrx_word' id='word_1_19' title='bbox 1228 779 1318 861; x_wconf 76' lang='lat' dir='ltr'>adiit,</span> 
     </span>
     <span class='ocr_line' id='line_1_6' title="bbox 271 866 1318 951; baseline 0.001 -21"><span class='ocrx_word' id='word_1_20' title='bbox 271 866 405 951; x_wconf 86' lang='lat' dir='ltr'>cupiens</span> <span class='ocrx_word' id='word_1_21' title='bbox 422 887 534 929; x_wconf 86' lang='lat' dir='ltr'>earum</span> <span class='ocrx_word' id='word_1_22' title='bbox 549 866 755 950; x_wconf 79' lang='lat' dir='ltr'>amplexibus</span> <span class='ocrx_word' id='word_1_23' title='bbox 770 867 921 928; x_wconf 87' lang='lat' dir='ltr'>saturari:</span> <span class='ocrx_word' id='word_1_24' title='bbox 947 866 1014 939; x_wconf 88' lang='lat' dir='ltr'>sed,</span> <span class='ocrx_word' id='word_1_25' title='bbox 1036 887 1112 930; x_wconf 80' lang='lat' dir='ltr'>mox</span> <span class='ocrx_word' id='word_1_26' title='bbox 1128 874 1164 929; x_wconf 89' lang='lat' dir='ltr'>ut</span> <span class='ocrx_word' id='word_1_27' title='bbox 1179 869 1318 939; x_wconf 73' lang='lat' dir='ltr'>intramt</span> 
     </span>
     <span class='ocr_line' id='line_1_7' title="bbox 269 953 1360 1038; baseline 0.001 -22"><span class='ocrx_word' id='word_1_28' title='bbox 269 959 381 1016; x_wconf 88' lang='lat' dir='ltr'>mente</span> <span class='ocrx_word' id='word_1_29' title='bbox 405 966 518 1036; x_wconf 87' lang='lat' dir='ltr'>eaptus</span> <span class='ocrx_word' id='word_1_30' title='bbox 541 953 622 1014; x_wconf 89' lang='lat' dir='ltr'>ollas</span> <span class='ocrx_word' id='word_1_31' title='bbox 645 960 679 1014; x_wconf 90' lang='lat' dir='ltr'>et</span> <span class='ocrx_word' id='word_1_32' title='bbox 701 954 880 1035; x_wconf 79' lang='lat' dir='ltr'>sartagines</span> <span class='ocrx_word' id='word_1_33' title='bbox 902 972 960 1037; x_wconf 89' lang='lat' dir='ltr'>pro</span> <span class='ocrx_word' id='word_1_34' title='bbox 977 954 1152 1037; x_wconf 72' lang='lat' dir='ltr'>virginibus</span> <span class='ocrx_word' id='word_1_35' title='bbox 1175 954 1319 1038; x_wconf 90' lang='lat' dir='ltr'>amplec-</span> <span class='ocrx_word' id='word_1_36' title='bbox 1347 971 1360 1010; x_wconf 68' lang='grc' dir='ltr'>ε</span> 
     </span>
     <span class='ocr_line' id='line_1_8' title="bbox 271 1038 1318 1124; baseline 0.003 -23"><span class='ocrx_word' id='word_1_37' title='bbox 271 1038 371 1102; x_wconf 90' lang='lat' dir='ltr'>tendo</span> <span class='ocrx_word' id='word_1_38' title='bbox 387 1039 603 1117; x_wconf 75' lang='lat' dir='ltr'>osculabatur,</span> <span class='ocrx_word' id='word_1_39' title='bbox 646 1038 749 1102; x_wconf 93' lang='lat' dir='ltr'>donec</span> <span class='ocrx_word' id='word_1_40' title='bbox 763 1040 864 1101; x_wconf 81' lang='lat' dir='ltr'>iacies</span> <span class='ocrx_word' id='word_1_41' title='bbox 880 1050 913 1100; x_wconf 88' lang='lat' dir='ltr'>et</span> <span class='ocrx_word' id='word_1_42' title='bbox 928 1048 1036 1102; x_wconf 79' lang='lat' dir='ltr'>restes</span> <span class='ocrx_word' id='word_1_43' title='bbox 1050 1040 1195 1104; x_wconf 84' lang='lat' dir='ltr'>horribili</span> <span class='ocrx_word' id='word_1_44' title='bbox 1210 1042 1318 1124; x_wconf 84' lang='lat' dir='ltr'>nigre·</span> 
     </span>
     <span class='ocr_line' id='line_1_9' title="bbox 271 1124 1318 1212; baseline 0.003 -24"><span class='ocrx_word' id='word_1_45' title='bbox 271 1124 346 1188; x_wconf 86' lang='lat' dir='ltr'>dine</span> <span class='ocrx_word' id='word_1_46' title='bbox 377 1125 610 1188; x_wconf 86' lang='lat' dir='ltr'>inficiebantur.</span> <span class='ocrx_word' id='word_1_47' title='bbox 631 1130 636 1204; x_wconf 94' lang='grc' dir='ltr'>Ι</span> <span class='ocrx_word' id='word_1_48' title='bbox 656 1124 784 1188; x_wconf 81' lang='lat' dir='ltr'>Deinde</span> <span class='ocrx_word' id='word_1_49' title='bbox 814 1124 952 1188; x_wconf 85' lang='lat' dir='ltr'>Sisinnio</span> <span class='ocrx_word' id='word_1_50' title='bbox 985 1128 1093 1189; x_wconf 89' lang='lat' dir='ltr'>comiti</span> <span class='ocrx_word' id='word_1_51' title='bbox 1125 1128 1214 1189; x_wconf 83' lang='lat' dir='ltr'>iussu</span> <span class='ocrx_word' id='word_1_52' title='bbox 1242 1147 1318 1212; x_wconf 90' lang='lat' dir='ltr'>per-</span> 
     </span>
     <span class='ocr_line' id='line_1_10' title="bbox 271 1211 1318 1297; baseline 0.003 -23"><span class='ocrx_word' id='word_1_53' title='bbox 271 1211 452 1296; x_wconf 87' lang='lat' dir='ltr'>puniendas</span> <span class='ocrx_word' id='word_1_54' title='bbox 475 1213 617 1295; x_wconf 82' lang='lat' dir='ltr'>virgines</span> <span class='ocrx_word' id='word_1_55' title='bbox 632 1213 744 1276; x_wconf 83' lang='lat' dir='ltr'>cessit:</span> <span class='ocrx_word' id='word_1_56' title='bbox 768 1213 832 1295; x_wconf 92' lang='lat' dir='ltr'>qui,</span> <span class='ocrx_word' id='word_1_57' title='bbox 854 1212 952 1274; x_wconf 86' lang='lat' dir='ltr'>etiam</span> <span class='ocrx_word' id='word_1_58' title='bbox 968 1214 1056 1275; x_wconf 88' lang='lat' dir='ltr'>miris</span> <span class='ocrx_word' id='word_1_59' title='bbox 1077 1213 1181 1276; x_wconf 91' lang='lat' dir='ltr'>modis</span> <span class='ocrx_word' id='word_1_60' title='bbox 1195 1213 1318 1297; x_wconf 85' lang='lat' dir='ltr'>illusus,</span> 
     </span>
     <span class='ocr_line' id='line_1_11' title="bbox 271 1297 1318 1385; baseline 0.003 -24"><span class='ocrx_word' id='word_1_61' title='bbox 271 1297 403 1361; x_wconf 85' lang='lat' dir='ltr'>tandem</span> <span class='ocrx_word' id='word_1_62' title='bbox 418 1298 483 1382; x_wconf 84' lang='lat' dir='ltr'>Ag.</span> <span class='ocrx_word' id='word_1_63' title='bbox 501 1307 536 1360; x_wconf 91' lang='lat' dir='ltr'>et</span> <span class='ocrx_word' id='word_1_64' title='bbox 551 1297 664 1361; x_wconf 83' lang='lat' dir='ltr'>Chion.</span> <span class='ocrx_word' id='word_1_65' title='bbox 681 1299 878 1361; x_wconf 90' lang='lat' dir='ltr'>concremari</span> <span class='ocrx_word' id='word_1_66' title='bbox 895 1335 898 1380; x_wconf 77' lang='lat'><strong>;</strong></span> <span class='ocrx_word' id='word_1_67' title='bbox 917 1305 950 1360; x_wconf 90' lang='lat' dir='ltr'>et</span> <span class='ocrx_word' id='word_1_68' title='bbox 966 1298 1037 1362; x_wconf 90' lang='lat' dir='ltr'>Hir.</span> <span class='ocrx_word' id='word_1_69' title='bbox 1052 1300 1143 1363; x_wconf 90' lang='lat' dir='ltr'>iussit</span> <span class='ocrx_word' id='word_1_70' title='bbox 1158 1300 1295 1385; x_wconf 83' lang='lat' dir='ltr'>perfodi.</span> <span class='ocrx_word' id='word_1_71' title='bbox 1313 1300 1318 1385; x_wconf 94' lang='grc' dir='ltr'>Ι</span> 
     </span>
    </p>
   </div>
   <div class='ocr_carea' id='block_1_5' title="bbox 60 1511 1449 1698">
    <p class='ocr_par' dir='ltr' id='par_1_5' title="bbox 60 1511 1449 1698">
     <span class='ocr_line' id='line_1_12' title="bbox 60 1511 1363 1601; baseline 0.002 -25"><span class='ocrx_word' id='word_1_72' title='bbox 60 1553 92 1601; x_wconf 75' lang='lat'>¹9·</span> <span class='ocrx_word' id='word_1_73' title='bbox 105 1537 161 1586; x_wconf 81' lang='lat'>177.</span> <span class='ocrx_word' id='word_1_74' title='bbox 358 1512 596 1577; x_wconf 66' lang='lat' dir='ltr'>Drocnrrrarts.</span> <span class='ocrx_word' id='word_1_75' title='bbox 642 1513 779 1577; x_wconf 70' lang='lat' dir='ltr'>Ausees.</span> <span class='ocrx_word' id='word_1_76' title='bbox 824 1511 965 1576; x_wconf 79' lang='lat' dir='ltr'>Curoxu.</span> <span class='ocrx_word' id='word_1_77' title='bbox 1011 1513 1143 1579; x_wconf 74' lang='lat' dir='ltr'>Hinnxi.</span> <span class='ocrx_word' id='word_1_78' title='bbox 1337 1557 1363 1596; x_wconf 61' lang='grc' dir='ltr'>ιο</span> 
     </span>
     <span class='ocr_line' id='line_1_13' title="bbox 577 1598 1449 1698; baseline 0.006 -38"><span class='ocrx_word' id='word_1_79' title='bbox 577 1598 753 1662; x_wconf 74' lang='lat' dir='ltr'>Dutcirrts</span> <span class='ocrx_word' id='word_1_80' title='bbox 799 1619 927 1661; x_wconf 70' lang='lat' dir='ltr'>murra.</span> <span class='ocrx_word' id='word_1_81' title='bbox 1335 1631 1384 1698; x_wconf 73' lang='lat' dir='ltr'>[ot.</span> <span class='ocrx_word' id='word_1_82' title='bbox 1397 1633 1449 1682; x_wconf 65' lang='grc' dir='ltr'>ρον</span> 
     </span>
    </p>
   </div>
   <div class='ocr_carea' id='block_1_6' title="bbox 58 1700 1366 3861">
    <p class='ocr_par' dir='ltr' id='par_1_6' title="bbox 183 1700 1364 2047">
     <span class='ocr_line' id='line_1_14' title="bbox 554 1700 1318 1786; baseline 0.009 -24"><span class='ocrx_word' id='word_1_83' title='bbox 554 1700 750 1763; x_wconf 89' lang='lat' dir='ltr'>Parentelae</span> <span class='ocrx_word' id='word_1_84' title='bbox 766 1700 895 1763; x_wconf 79' lang='lat' dir='ltr'>claritas</span> <span class='ocrx_word' id='word_1_85' title='bbox 911 1701 1116 1786; x_wconf 82' lang='lat' dir='ltr'>ingenuitatis</span> <span class='ocrx_word' id='word_1_86' title='bbox 1135 1713 1140 1778; x_wconf 84' lang='grc' dir='ltr'>Ι</span> <span class='ocrx_word' id='word_1_87' title='bbox 1160 1711 1318 1769; x_wconf 84' lang='lat' dir='ltr'>vestrum·</span> 
     </span>
     <span class='ocr_line' id='line_1_15' title="bbox 184 1786 1320 1877; baseline 0.002 -23"><span class='ocrx_word' id='word_1_88' title='bbox 184 1811 249 1877; x_wconf 90' lang='lat' dir='ltr'>que</span> <span class='ocrx_word' id='word_1_89' title='bbox 273 1790 429 1853; x_wconf 87' lang='lat' dir='ltr'>serenitas</span> <span class='ocrx_word' id='word_1_90' title='bbox 452 1786 697 1872; x_wconf 88' lang='lat' dir='ltr'>pulchritudinis</span> <span class='ocrx_word' id='word_1_91' title='bbox 717 1795 721 1860; x_wconf 89' lang='grc' dir='ltr'>Ι</span> <span class='ocrx_word' id='word_1_92' title='bbox 742 1787 853 1870; x_wconf 83' lang='lat' dir='ltr'>exigit,</span> <span class='ocrx_word' id='word_1_93' title='bbox 876 1807 934 1850; x_wconf 88' lang='lat' dir='ltr'>vos</span> <span class='ocrx_word' id='word_1_94' title='bbox 955 1790 1090 1873; x_wconf 86' lang='lat' dir='ltr'>nuptiali</span> <span class='ocrx_word' id='word_1_95' title='bbox 1112 1791 1186 1873; x_wconf 87' lang='lat' dir='ltr'>lege</span> <span class='ocrx_word' id='word_1_96' title='bbox 1209 1792 1320 1876; x_wconf 86' lang='lat' dir='ltr'>primis</span> 
     </span>
     <span class='ocr_line' id='line_1_16' title="bbox 183 1872 1321 1961; baseline 0.002 -20"><span class='ocrx_word' id='word_1_97' title='bbox 183 1879 217 1942; x_wconf 94' lang='lat' dir='ltr'>in</span> <span class='ocrx_word' id='word_1_98' title='bbox 248 1876 369 1961; x_wconf 86' lang='lat' dir='ltr'>palatio</span> <span class='ocrx_word' id='word_1_99' title='bbox 401 1873 558 1959; x_wconf 88' lang='lat' dir='ltr'>copulari,</span> <span class='ocrx_word' id='word_1_100' title='bbox 584 1876 588 1954; x_wconf 95' lang='grc' dir='ltr'>Ι</span> <span class='ocrx_word' id='word_1_101' title='bbox 614 1872 701 1957; x_wconf 90' lang='lat' dir='ltr'>quod</span> <span class='ocrx_word' id='word_1_102' title='bbox 728 1873 828 1935; x_wconf 80' lang='lat' dir='ltr'>nostri</span> <span class='ocrx_word' id='word_1_103' title='bbox 860 1874 954 1938; x_wconf 88' lang='lat' dir='ltr'>iussio</span> <span class='ocrx_word' id='word_1_104' title='bbox 985 1877 1133 1939; x_wconf 85' lang='lat' dir='ltr'>annuerit</span> <span class='ocrx_word' id='word_1_105' title='bbox 1163 1877 1247 1958; x_wconf 85' lang='lat' dir='ltr'>lieri,</span> <span class='ocrx_word' id='word_1_106' title='bbox 1268 1881 1273 1959; x_wconf 95' lang='grc' dir='ltr'>Ι</span> <span class='ocrx_word' id='word_1_107' title='bbox 1292 1880 1321 1943; x_wconf 89' lang='lat' dir='ltr'>si</span> 
     </span>
     <span class='ocr_line' id='line_1_17' title="bbox 185 1958 1364 2047; baseline 0 -19"><span class='ocrx_word' id='word_1_108' title='bbox 185 1964 349 2028; x_wconf 86' lang='lat' dir='ltr'>Christum</span> <span class='ocrx_word' id='word_1_109' title='bbox 373 1981 493 2046; x_wconf 91' lang='lat' dir='ltr'>negare</span> <span class='ocrx_word' id='word_1_110' title='bbox 515 1961 518 2041; x_wconf 95' lang='grc' dir='ltr'>Ι</span> <span class='ocrx_word' id='word_1_111' title='bbox 539 1962 719 2043; x_wconf 88' lang='lat' dir='ltr'>nostrisque</span> <span class='ocrx_word' id='word_1_112' title='bbox 742 1958 802 2021; x_wconf 90' lang='lat' dir='ltr'>diis</span> <span class='ocrx_word' id='word_1_113' title='bbox 826 1961 980 2023; x_wconf 88' lang='lat' dir='ltr'>sacrificia</span> <span class='ocrx_word' id='word_1_114' title='bbox 1002 1962 1108 2026; x_wconf 82' lang='lat' dir='ltr'>velitis</span> <span class='ocrx_word' id='word_1_115' title='bbox 1132 1963 1227 2027; x_wconf 85' lang='lat' dir='ltr'>ferre.</span> <span class='ocrx_word' id='word_1_116' title='bbox 1248 1963 1254 2047; x_wconf 97' lang='grc' dir='ltr'>Ι</span> <span class='ocrx_word' id='word_1_117' title='bbox 1339 1989 1364 2028; x_wconf 79' lang='lat' dir='ltr'>rs</span> 
     </span>
    </p>

    <p class='ocr_par' dir='ltr' id='par_1_7' title="bbox 139 2047 1322 2396">
     <span class='ocr_line' id='line_1_18' title="bbox 139 2047 1321 2132; baseline 0.005 -24"><span class='ocrx_word' id='word_1_118' title='bbox 139 2049 160 2108; x_wconf 83' lang='lat'>2</span> <span class='ocrx_word' id='word_1_119' title='bbox 273 2049 405 2112; x_wconf 71' lang='lat' dir='ltr'>Aeaeus.</span> <span class='ocrx_word' id='word_1_120' title='bbox 445 2047 524 2109; x_wconf 89' lang='lat' dir='ltr'>Esto</span> <span class='ocrx_word' id='word_1_121' title='bbox 548 2066 678 2108; x_wconf 87' lang='lat' dir='ltr'>securus</span> <span class='ocrx_word' id='word_1_122' title='bbox 702 2066 859 2126; x_wconf 91' lang='lat' dir='ltr'>curarum,</span> <span class='ocrx_word' id='word_1_123' title='bbox 880 2048 885 2126; x_wconf 96' lang='grc' dir='ltr'>Ι</span> <span class='ocrx_word' id='word_1_124' title='bbox 904 2067 965 2110; x_wconf 93' lang='lat' dir='ltr'>nec</span> <span class='ocrx_word' id='word_1_125' title='bbox 988 2054 1020 2111; x_wconf 92' lang='lat' dir='ltr'>te</span> <span class='ocrx_word' id='word_1_126' title='bbox 1043 2055 1158 2132; x_wconf 82' lang='lat' dir='ltr'>gravet</span> <span class='ocrx_word' id='word_1_127' title='bbox 1179 2056 1321 2115; x_wconf 87' lang='lat' dir='ltr'>nostrum</span> 
     </span>
     <span class='ocr_line' id='line_1_19' title="bbox 183 2132 1322 2223; baseline 0.002 -23"><span class='ocrx_word' id='word_1_128' title='bbox 183 2136 391 2223; x_wconf 88' lang='lat' dir='ltr'>praeparatio</span> <span class='ocrx_word' id='word_1_129' title='bbox 415 2133 606 2216; x_wconf 80' lang='lat' dir='ltr'>nuptiarum,</span> <span class='ocrx_word' id='word_1_130' title='bbox 627 2133 632 2214; x_wconf 91' lang='grc' dir='ltr'>Ι</span> <span class='ocrx_word' id='word_1_131' title='bbox 653 2133 727 2216; x_wconf 90' lang='lat' dir='ltr'>quia</span> <span class='ocrx_word' id='word_1_132' title='bbox 758 2152 818 2195; x_wconf 90' lang='lat' dir='ltr'>nec</span> <span class='ocrx_word' id='word_1_133' title='bbox 849 2132 891 2195; x_wconf 90' lang='lat' dir='ltr'>ad</span> <span class='ocrx_word' id='word_1_134' title='bbox 912 2136 1121 2218; x_wconf 88' lang='lat' dir='ltr'>negationem</span> <span class='ocrx_word' id='word_1_135' title='bbox 1149 2137 1322 2202; x_wconf 88' lang='lat' dir='ltr'>confitendi</span> 
     </span>
     <span class='ocr_line' id='line_1_20' title="bbox 183 2218 1320 2305; baseline 0.001 -18"><span class='ocrx_word' id='word_1_136' title='bbox 183 2222 332 2301; x_wconf 89' lang='lat' dir='ltr'>nominis,</span> <span class='ocrx_word' id='word_1_137' title='bbox 353 2222 357 2303; x_wconf 98' lang='grc' dir='ltr'>Ι</span> <span class='ocrx_word' id='word_1_138' title='bbox 376 2241 437 2283; x_wconf 91' lang='lat' dir='ltr'>nec</span> <span class='ocrx_word' id='word_1_139' title='bbox 453 2218 494 2282; x_wconf 89' lang='lat' dir='ltr'>ad</span> <span class='ocrx_word' id='word_1_140' title='bbox 511 2220 748 2303; x_wconf 84' lang='lat' dir='ltr'>corruptionem</span> <span class='ocrx_word' id='word_1_141' title='bbox 765 2220 958 2303; x_wconf 84' lang='lat' dir='ltr'>integritatis</span> <span class='ocrx_word' id='word_1_142' title='bbox 978 2221 982 2304; x_wconf 95' lang='grc' dir='ltr'>Ι</span> <span class='ocrx_word' id='word_1_143' title='bbox 1002 2222 1075 2285; x_wconf 92' lang='lat' dir='ltr'>ullis</span> <span class='ocrx_word' id='word_1_144' title='bbox 1091 2222 1187 2286; x_wconf 88' lang='lat' dir='ltr'>rebus</span> <span class='ocrx_word' id='word_1_145' title='bbox 1207 2227 1212 2305; x_wconf 94' lang='grc' dir='ltr'>Ι</span> <span class='ocrx_word' id='word_1_146' title='bbox 1232 2245 1320 2288; x_wconf 91' lang='lat' dir='ltr'>com-</span> 
     </span>
     <span class='ocr_line' id='line_1_21' title="bbox 183 2305 500 2396; baseline -0.009 -24"><span class='ocrx_word' id='word_1_147' title='bbox 183 2309 263 2396; x_wconf 92' lang='lat' dir='ltr'>pelli</span> <span class='ocrx_word' id='word_1_148' title='bbox 285 2308 472 2392; x_wconf 89' lang='lat' dir='ltr'>poterimus.</span> <span class='ocrx_word' id='word_1_149' title='bbox 494 2305 500 2388; x_wconf 91' lang='grc' dir='ltr'>Ι</span> 
     </span>
    </p>

    <p class='ocr_par' dir='ltr' id='par_1_8' title="bbox 137 2389 1363 2477">
     <span class='ocr_line' id='line_1_22' title="bbox 137 2389 1363 2477; baseline 0.002 -19"><span class='ocrx_word' id='word_1_150' title='bbox 137 2399 157 2459; x_wconf 86' lang='grc'><strong>3</strong></span> <span class='ocrx_word' id='word_1_151' title='bbox 269 2393 506 2457; x_wconf 73' lang='lat' dir='ltr'>Diocnnrrixrs.</span> <span class='ocrx_word' id='word_1_152' title='bbox 532 2389 617 2463; x_wconf 83' lang='lat' dir='ltr'>Quid</span> <span class='ocrx_word' id='word_1_153' title='bbox 633 2390 694 2453; x_wconf 92' lang='lat' dir='ltr'>sibi</span> <span class='ocrx_word' id='word_1_154' title='bbox 706 2390 775 2453; x_wconf 84' lang='lat' dir='ltr'>vult</span> <span class='ocrx_word' id='word_1_155' title='bbox 790 2391 860 2471; x_wconf 86' lang='lat' dir='ltr'>ista,</span> <span class='ocrx_word' id='word_1_156' title='bbox 876 2412 958 2476; x_wconf 89' lang='lat' dir='ltr'>quae</span> <span class='ocrx_word' id='word_1_157' title='bbox 972 2412 1028 2455; x_wconf 87' lang='lat' dir='ltr'>vos</span> <span class='ocrx_word' id='word_1_158' title='bbox 1042 2394 1155 2477; x_wconf 88' lang='lat' dir='ltr'>agitat,</span> <span class='ocrx_word' id='word_1_159' title='bbox 1168 2394 1319 2460; x_wconf 80' lang='lat' dir='ltr'>fatuitas?</span> <span class='ocrx_word' id='word_1_160' title='bbox 1337 2417 1363 2459; x_wconf 77' lang='lat' dir='ltr'>ao</span> 
     </span>
    </p>

    <p class='ocr_par' dir='ltr' id='par_1_9' title="bbox 186 2477 1316 2641">
     <span class='ocr_line' id='line_1_23' title="bbox 271 2477 1316 2566; baseline 0.004 -23"><span class='ocrx_word' id='word_1_161' title='bbox 271 2481 406 2543; x_wconf 71' lang='lat' dir='ltr'>Aeaeus.</span> <span class='ocrx_word' id='word_1_162' title='bbox 461 2477 556 2551; x_wconf 80' lang='lat' dir='ltr'>Quod</span> <span class='ocrx_word' id='word_1_163' title='bbox 583 2478 710 2560; x_wconf 83' lang='lat' dir='ltr'>signum</span> <span class='ocrx_word' id='word_1_164' title='bbox 733 2478 889 2540; x_wconf 83' lang='lat' dir='ltr'>fatuitatis</span> <span class='ocrx_word' id='word_1_165' title='bbox 916 2480 922 2560; x_wconf 96' lang='grc' dir='ltr'>Ι</span> <span class='ocrx_word' id='word_1_166' title='bbox 946 2478 1039 2542; x_wconf 88' lang='lat' dir='ltr'>nobis</span> <span class='ocrx_word' id='word_1_167' title='bbox 1061 2481 1166 2544; x_wconf 86' lang='lat' dir='ltr'>inesse</span> <span class='ocrx_word' id='word_1_168' title='bbox 1197 2480 1316 2566; x_wconf 87' lang='lat' dir='ltr'>depre-</span> 
     </span>
     <span class='ocr_line' id='line_1_24' title="bbox 186 2565 345 2641; baseline -0.019 -11"><span class='ocrx_word' id='word_1_169' title='bbox 186 2565 345 2641; x_wconf 72' lang='lat' dir='ltr'>hendistl</span> 
     </span>
    </p>

    <p class='ocr_par' dir='ltr' id='par_1_10' title="bbox 273 2647 973 2734">
     <span class='ocr_line' id='line_1_25' title="bbox 273 2647 973 2734; baseline -0.006 -19"><span class='ocrx_word' id='word_1_170' title='bbox 273 2651 511 2716; x_wconf 71' lang='lat' dir='ltr'>Drocuarrarus.</span> <span class='ocrx_word' id='word_1_171' title='bbox 556 2647 698 2712; x_wconf 82' lang='lat' dir='ltr'>Evidens</span> <span class='ocrx_word' id='word_1_172' title='bbox 720 2649 973 2734; x_wconf 70' lang='lat' dir='ltr'>magnumque!</span> 
     </span>
    </p>

    <p class='ocr_par' dir='ltr' id='par_1_11' title="bbox 273 2737 605 2821">
     <span class='ocr_line' id='line_1_26' title="bbox 273 2737 605 2821; baseline -0.012 -20"><span class='ocrx_word' id='word_1_173' title='bbox 273 2739 408 2803; x_wconf 71' lang='lat' dir='ltr'>Aeaeus.</span> <span class='ocrx_word' id='word_1_174' title='bbox 454 2737 494 2800; x_wconf 93' lang='lat' dir='ltr'>In</span> <span class='ocrx_word' id='word_1_175' title='bbox 517 2743 605 2821; x_wconf 78' lang='lat' dir='ltr'>quo?</span> 
     </span>
    </p>

    <p class='ocr_par' dir='ltr' id='par_1_12' title="bbox 58 2821 1366 2908">
     <span class='ocr_line' id='line_1_27' title="bbox 58 2821 1366 2908; baseline -0.005 -16"><span class='ocrx_word' id='word_1_176' title='bbox 58 2859 96 2908; x_wconf 70' lang='lat' dir='ltr'>aq.</span> <span class='ocrx_word' id='word_1_177' title='bbox 106 2843 163 2892; x_wconf 79' lang='lat'>178.</span> <span class='ocrx_word' id='word_1_178' title='bbox 271 2824 509 2888; x_wconf 74' lang='lat' dir='ltr'>D1ocuurusus.</span> <span class='ocrx_word' id='word_1_179' title='bbox 554 2822 593 2885; x_wconf 95' lang='lat' dir='ltr'>In</span> <span class='ocrx_word' id='word_1_180' title='bbox 616 2822 677 2885; x_wconf 91' lang='lat' dir='ltr'>hoc</span> <span class='ocrx_word' id='word_1_181' title='bbox 699 2822 883 2906; x_wconf 88' lang='lat' dir='ltr'>praecipue,</span> <span class='ocrx_word' id='word_1_182' title='bbox 898 2822 901 2903; x_wconf 95' lang='grc' dir='ltr'>Ι</span> <span class='ocrx_word' id='word_1_183' title='bbox 916 2821 1017 2907; x_wconf 93' lang='lat' dir='ltr'>quod,</span> <span class='ocrx_word' id='word_1_184' title='bbox 1039 2822 1150 2886; x_wconf 89' lang='lat' dir='ltr'>relicta</span> <span class='ocrx_word' id='word_1_185' title='bbox 1173 2830 1321 2890; x_wconf 81' lang='lat' dir='ltr'>vetustae</span> <span class='ocrx_word' id='word_1_186' title='bbox 1340 2844 1366 2886; x_wconf 77' lang='lat' dir='ltr'>aa</span> 
     </span>
    </p>

    <p class='ocr_par' dir='ltr' id='par_1_13' title="bbox 185 2907 1322 3082">
     <span class='ocr_line' id='line_1_28' title="bbox 186 2907 1322 2998; baseline 0.002 -23"><span class='ocrx_word' id='word_1_187' title='bbox 186 2911 392 2975; x_wconf 83' lang='lat' dir='ltr'>observantia</span> <span class='ocrx_word' id='word_1_188' title='bbox 415 2910 591 2993; x_wconf 90' lang='lat' dir='ltr'>religionis,</span> <span class='ocrx_word' id='word_1_189' title='bbox 611 2911 616 2989; x_wconf 94' lang='grc' dir='ltr'>Ι</span> <span class='ocrx_word' id='word_1_190' title='bbox 636 2909 782 2972; x_wconf 90' lang='lat' dir='ltr'>inutilem</span> <span class='ocrx_word' id='word_1_191' title='bbox 805 2907 995 2972; x_wconf 87' lang='lat' dir='ltr'>christianae</span> <span class='ocrx_word' id='word_1_192' title='bbox 1019 2911 1197 2975; x_wconf 83' lang='lat' dir='ltr'>novitatem</span> <span class='ocrx_word' id='word_1_193' title='bbox 1213 2913 1322 2998; x_wconf 85' lang='lat' dir='ltr'>sequi·</span> 
     </span>
     <span class='ocr_line' id='line_1_29' title="bbox 185 2997 556 3082; baseline -0.013 -19"><span class='ocrx_word' id='word_1_194' title='bbox 185 2999 265 3062; x_wconf 88' lang='lat' dir='ltr'>mini</span> <span class='ocrx_word' id='word_1_195' title='bbox 288 2997 532 3082; x_wconf 88' lang='lat' dir='ltr'>superstitionis.</span> <span class='ocrx_word' id='word_1_196' title='bbox 552 2998 556 3076; x_wconf 96' lang='grc' dir='ltr'>Ι</span> 
     </span>
    </p>

    <p class='ocr_par' dir='ltr' id='par_1_14' title="bbox 187 3080 1321 3234">
     <span class='ocr_line' id='line_1_30' title="bbox 273 3080 1321 3172; baseline 0.005 -26"><span class='ocrx_word' id='word_1_197' title='bbox 273 3085 407 3150; x_wconf 73' lang='lat' dir='ltr'>Aeneas.</span> <span class='ocrx_word' id='word_1_198' title='bbox 443 3082 582 3147; x_wconf 84' lang='lat' dir='ltr'>Temere</span> <span class='ocrx_word' id='word_1_199' title='bbox 599 3082 823 3167; x_wconf 86' lang='lat' dir='ltr'>calumpniaris</span> <span class='ocrx_word' id='word_1_200' title='bbox 838 3080 841 3165; x_wconf 96' lang='grc' dir='ltr'>Ι</span> <span class='ocrx_word' id='word_1_201' title='bbox 856 3086 974 3144; x_wconf 87' lang='lat' dir='ltr'>statum</span> <span class='ocrx_word' id='word_1_202' title='bbox 992 3080 1045 3146; x_wconf 90' lang='lat' dir='ltr'>dei</span> <span class='ocrx_word' id='word_1_203' title='bbox 1061 3084 1301 3169; x_wconf 89' lang='lat' dir='ltr'>omnipotentis.</span> <span class='ocrx_word' id='word_1_204' title='bbox 1316 3086 1321 3172; x_wconf 94' lang='grc' dir='ltr'>Ι</span> 
     </span>
     <span class='ocr_line' id='line_1_31' title="bbox 187 3170 372 3234; baseline -0.011 0"><span class='ocrx_word' id='word_1_205' title='bbox 187 3170 372 3234; x_wconf 88' lang='lat' dir='ltr'>Periculum</span> 
     </span>
    </p>

    <p class='ocr_par' dir='ltr' id='par_1_15' title="bbox 271 3253 1362 3322">
     <span class='ocr_line' id='line_1_32' title="bbox 271 3253 1362 3322; baseline -0.008 -3"><span class='ocrx_word' id='word_1_206' title='bbox 271 3257 509 3321; x_wconf 78' lang='lat' dir='ltr'>D10cnar1anua</span> <span class='ocrx_word' id='word_1_207' title='bbox 555 3253 674 3317; x_wconf 75' lang='lat' dir='ltr'>Cuius?</span> <span class='ocrx_word' id='word_1_208' title='bbox 1338 3281 1362 3322; x_wconf 63' lang='grc' dir='ltr'>ΙΙ</span> 
     </span>
    </p>

    <p class='ocr_par' dir='ltr' id='par_1_16' title="bbox 273 3340 1148 3426">
     <span class='ocr_line' id='line_1_33' title="bbox 273 3340 1148 3426; baseline 0 -20"><span class='ocrx_word' id='word_1_209' title='bbox 273 3343 406 3407; x_wconf 68' lang='lat' dir='ltr'>Acarna.</span> <span class='ocrx_word' id='word_1_210' title='bbox 453 3341 515 3405; x_wconf 84' lang='lat' dir='ltr'>Tui</span> <span class='ocrx_word' id='word_1_211' title='bbox 536 3342 648 3426; x_wconf 89' lang='lat' dir='ltr'>reique</span> <span class='ocrx_word' id='word_1_212' title='bbox 671 3340 831 3425; x_wconf 87' lang='lat' dir='ltr'>publicae,</span> <span class='ocrx_word' id='word_1_213' title='bbox 855 3360 953 3425; x_wconf 89' lang='lat' dir='ltr'>quam</span> <span class='ocrx_word' id='word_1_214' title='bbox 977 3340 1148 3426; x_wconf 86' lang='lat' dir='ltr'>gubernas.</span> 
     </span>
    </p>

    <p class='ocr_par' dir='ltr' id='par_1_17' title="bbox 272 3428 1002 3499">
     <span class='ocr_line' id='line_1_34' title="bbox 272 3428 1002 3499; baseline -0.001 -7"><span class='ocrx_word' id='word_1_215' title='bbox 272 3429 512 3493; x_wconf 79' lang='lat' dir='ltr'>Drocurrranus.</span> <span class='ocrx_word' id='word_1_216' title='bbox 559 3428 627 3490; x_wconf 89' lang='lat' dir='ltr'>Ista</span> <span class='ocrx_word' id='word_1_217' title='bbox 648 3428 778 3499; x_wconf 88' lang='lat' dir='ltr'>insanit;</span> <span class='ocrx_word' id='word_1_218' title='bbox 803 3432 1002 3491; x_wconf 79' lang='lat' dir='ltr'>amoveatur.</span> 
     </span>
    </p>

    <p class='ocr_par' dir='ltr' id='par_1_18' title="bbox 143 3513 1323 3686">
     <span class='ocr_line' id='line_1_35' title="bbox 143 3513 1323 3598; baseline 0.003 -19"><span class='ocrx_word' id='word_1_219' title='bbox 143 3527 163 3586; x_wconf 81' lang='grc'>4</span> <span class='ocrx_word' id='word_1_220' title='bbox 274 3515 416 3580; x_wconf 76' lang='lat' dir='ltr'>Omonn.</span> <span class='ocrx_word' id='word_1_221' title='bbox 460 3513 537 3578; x_wconf 88' lang='lat' dir='ltr'>Mea</span> <span class='ocrx_word' id='word_1_222' title='bbox 560 3534 714 3598; x_wconf 89' lang='lat' dir='ltr'>germana</span> <span class='ocrx_word' id='word_1_223' title='bbox 741 3534 806 3577; x_wconf 93' lang='lat' dir='ltr'>non</span> <span class='ocrx_word' id='word_1_224' title='bbox 828 3513 955 3593; x_wconf 87' lang='lat' dir='ltr'>insanit,</span> <span class='ocrx_word' id='word_1_225' title='bbox 975 3517 980 3596; x_wconf 93' lang='grc' dir='ltr'>Ι</span> <span class='ocrx_word' id='word_1_226' title='bbox 1000 3513 1060 3578; x_wconf 89' lang='lat' dir='ltr'>sed</span> <span class='ocrx_word' id='word_1_227' title='bbox 1087 3516 1133 3578; x_wconf 90' lang='lat' dir='ltr'>tui</span> <span class='ocrx_word' id='word_1_228' title='bbox 1156 3518 1323 3583; x_wconf 87' lang='lat' dir='ltr'>stultitiam</span> 
     </span>
     <span class='ocr_line' id='line_1_36' title="bbox 190 3600 541 3686; baseline 0 -21"><span class='ocrx_word' id='word_1_229' title='bbox 190 3603 272 3665; x_wconf 88' lang='lat' dir='ltr'>iuste</span> <span class='ocrx_word' id='word_1_230' title='bbox 296 3600 514 3686; x_wconf 88' lang='lat' dir='ltr'>reprehendit.</span> <span class='ocrx_word' id='word_1_231' title='bbox 536 3600 541 3684; x_wconf 98' lang='grc' dir='ltr'>Ι</span> 
     </span>
    </p>

    <p class='ocr_par' dir='ltr' id='par_1_19' title="bbox 192 3685 1365 3861">
     <span class='ocr_line' id='line_1_37' title="bbox 276 3685 1365 3769; baseline 0 -17"><span class='ocrx_word' id='word_1_232' title='bbox 276 3688 513 3752; x_wconf 75' lang='lat' dir='ltr'>Drocnnmnuus.</span> <span class='ocrx_word' id='word_1_233' title='bbox 570 3686 638 3750; x_wconf 88' lang='lat' dir='ltr'>Ista</span> <span class='ocrx_word' id='word_1_234' title='bbox 672 3685 853 3750; x_wconf 85' lang='lat' dir='ltr'>dementius</span> <span class='ocrx_word' id='word_1_235' title='bbox 879 3686 1050 3762; x_wconf 64' lang='lat' dir='ltr'>hachetun</span> <span class='ocrx_word' id='word_1_236' title='bbox 1071 3687 1076 3769; x_wconf 97' lang='grc' dir='ltr'>Ι</span> <span class='ocrx_word' id='word_1_237' title='bbox 1096 3688 1181 3754; x_wconf 92' lang='lat' dir='ltr'>unde</span> <span class='ocrx_word' id='word_1_238' title='bbox 1205 3692 1322 3757; x_wconf 85' lang='lat' dir='ltr'>nostris</span> <span class='ocrx_word' id='word_1_239' title='bbox 1340 3710 1365 3752; x_wconf 75' lang='lat' dir='ltr'>aa</span> 
     </span>
     <span class='ocr_line' id='line_1_38' title="bbox 192 3773 1227 3861; baseline 0.002 -23"><span class='ocrx_word' id='word_1_240' title='bbox 192 3774 418 3859; x_wconf 87' lang='lat' dir='ltr'>conspectibus</span> <span class='ocrx_word' id='word_1_241' title='bbox 440 3794 544 3859; x_wconf 90' lang='lat' dir='ltr'>aeque</span> <span class='ocrx_word' id='word_1_242' title='bbox 569 3773 785 3850; x_wconf 88' lang='lat' dir='ltr'>subtrahatur,</span> <span class='ocrx_word' id='word_1_243' title='bbox 805 3774 810 3856; x_wconf 96' lang='grc' dir='ltr'>Ι</span> <span class='ocrx_word' id='word_1_244' title='bbox 831 3780 864 3837; x_wconf 90' lang='lat' dir='ltr'>et</span> <span class='ocrx_word' id='word_1_245' title='bbox 886 3775 981 3838; x_wconf 88' lang='lat' dir='ltr'>tertia</span> <span class='ocrx_word' id='word_1_246' title='bbox 1005 3773 1201 3840; x_wconf 88' lang='lat' dir='ltr'>discutiatur.</span> <span class='ocrx_word' id='word_1_247' title='bbox 1223 3778 1227 3861; x_wconf 96' lang='grc' dir='ltr'>Ι</span> 
     </span>
    </p>
   </div>
   <div class='ocr_carea' id='block_1_7' title="bbox 187 3913 1322 4258">
    <p class='ocr_par' dir='ltr' id='par_1_20' title="bbox 187 3913 1322 4258">
     <span class='ocr_line' id='line_1_39' title="bbox 271 3913 1322 3985; baseline 0.005 -20"><span class='ocrx_word' id='word_1_248' title='bbox 271 3918 417 3965; x_wconf 73' lang='lat' dir='ltr'>Daremma.</span> <span class='ocrx_word' id='word_1_249' title='bbox 449 3913 507 3979; x_wconf 78' lang='lat' dir='ltr'>laq.</span> <span class='ocrx_word' id='word_1_250' title='bbox 530 3916 602 3964; x_wconf 85' lang='lat' dir='ltr'>iussu</span> <span class='ocrx_word' id='word_1_251' title='bbox 625 3915 784 3979; x_wconf 87' lang='lat' dir='ltr'>imperatoris</span> <span class='ocrx_word' id='word_1_252' title='bbox 805 3913 949 3979; x_wconf 87' lang='lat' dir='ltr'>puniendas</span> <span class='ocrx_word' id='word_1_253' title='bbox 970 3931 995 3964; x_wconf 85' lang='lat' dir='ltr'>v.</span> <span class='ocrx_word' id='word_1_254' title='bbox 1013 3931 1035 3965; x_wconf 92' lang='lat' dir='ltr'>c.</span> <span class='ocrx_word' id='word_1_255' title='bbox 1048 3914 1168 3982; x_wconf 75' lang='lat' dir='ltr'>Mapoin,</span> <span class='ocrx_word' id='word_1_256' title='bbox 1185 3918 1226 3969; x_wconf 82' lang='lat' dir='ltr'>ius</span> <span class='ocrx_word' id='word_1_257' title='bbox 1244 3934 1322 3985; x_wconf 83' lang='lat' dir='ltr'>super</span> 
     </span>
     <span class='ocr_line' id='line_1_40' title="bbox 187 3980 1321 4054; baseline 0.003 -18"><span class='ocrx_word' id='word_1_258' title='bbox 187 3986 366 4051; x_wconf 80' lang='lat' dir='ltr'>puniendaar.</span> <span class='ocrx_word' id='word_1_259' title='bbox 380 4001 402 4034; x_wconf 93' lang='lat' dir='ltr'>c.</span> <span class='ocrx_word' id='word_1_260' title='bbox 420 3983 520 4035; x_wconf 83' lang='lat' dir='ltr'>Traube</span> <span class='ocrx_word' id='word_1_261' title='bbox 591 3980 624 4033; x_wconf 90' lang='lat'>10</span> <span class='ocrx_word' id='word_1_262' title='bbox 636 3984 738 4033; x_wconf 75' lang='lat' dir='ltr'>Anares</span> <span class='ocrx_word' id='word_1_263' title='bbox 751 3982 833 4033; x_wconf 82' lang='lat' dir='ltr'>sicdl</span> <span class='ocrx_word' id='word_1_264' title='bbox 900 3981 1081 4035; x_wconf 79' lang='lat' dir='ltr'>12Parentola</span> <span class='ocrx_word' id='word_1_265' title='bbox 1093 3985 1153 4050; x_wconf 81' lang='lat' dir='ltr'>M¹p</span> <span class='ocrx_word' id='word_1_266' title='bbox 1224 3986 1257 4038; x_wconf 89' lang='lat'>13</span> <span class='ocrx_word' id='word_1_267' title='bbox 1269 3989 1321 4054; x_wconf 91' lang='lat' dir='ltr'>pri·</span> 
     </span>
     <span class='ocr_line' id='line_1_41' title="bbox 187 4050 1322 4120; baseline 0.004 -16"><span class='ocrx_word' id='word_1_268' title='bbox 187 4072 244 4106; x_wconf 88' lang='lat' dir='ltr'>mua</span> <span class='ocrx_word' id='word_1_269' title='bbox 262 4054 303 4103; x_wconf 75' lang='lat' dir='ltr'>M¹</span> <span class='ocrx_word' id='word_1_270' title='bbox 375 4051 408 4102; x_wconf 77' lang='lat'>15</span> <span class='ocrx_word' id='word_1_271' title='bbox 425 4054 473 4104; x_wconf 85' lang='lat' dir='ltr'>diis</span> <span class='ocrx_word' id='word_1_272' title='bbox 491 4052 568 4117; x_wconf 75' lang='lat' dir='ltr'>ll²pe</span> <span class='ocrx_word' id='word_1_273' title='bbox 586 4052 650 4103; x_wconf 87' lang='lat' dir='ltr'>duos</span> <span class='ocrx_word' id='word_1_274' title='bbox 669 4052 711 4101; x_wconf 82' lang='lat' dir='ltr'>M·</span> <span class='ocrx_word' id='word_1_275' title='bbox 786 4050 819 4102; x_wconf 79' lang='lat'>16</span> <span class='ocrx_word' id='word_1_276' title='bbox 836 4058 981 4103; x_wconf 84' lang='lat' dir='ltr'>nostrarum</span> <span class='ocrx_word' id='word_1_277' title='bbox 1000 4052 1074 4117; x_wconf 79' lang='lat' dir='ltr'>M¹p;</span> <span class='ocrx_word' id='word_1_278' title='bbox 1093 4056 1128 4120; x_wconf 78' lang='lat' dir='ltr'>cf.</span> <span class='ocrx_word' id='word_1_279' title='bbox 1141 4059 1281 4120; x_wconf 77' lang='lat' dir='ltr'>p.127,12</span> <span class='ocrx_word' id='word_1_280' title='bbox 1298 4065 1322 4108; x_wconf 82' lang='lat' dir='ltr'>et</span> 
     </span>
     <span class='ocr_line' id='line_1_42' title="bbox 187 4121 1321 4192; baseline 0.004 -20"><span class='ocrx_word' id='word_1_281' title='bbox 187 4123 240 4174; x_wconf 83' lang='lat' dir='ltr'>iud.</span> <span class='ocrx_word' id='word_1_282' title='bbox 256 4139 365 4190; x_wconf 64' lang='lat' dir='ltr'>gramm.</span> <span class='ocrx_word' id='word_1_283' title='bbox 461 4121 495 4173; x_wconf 82' lang='lat'>35</span> <span class='ocrx_word' id='word_1_284' title='bbox 513 4124 656 4174; x_wconf 84' lang='lat' dir='ltr'>dementius</span> <span class='ocrx_word' id='word_1_285' title='bbox 679 4122 794 4172; x_wconf 70' lang='lat' dir='ltr'>ilaubc:</span> <span class='ocrx_word' id='word_1_286' title='bbox 811 4121 990 4173; x_wconf 88' lang='lat' dir='ltr'>inclementius</span> <span class='ocrx_word' id='word_1_287' title='bbox 1009 4121 1040 4171; x_wconf 80' lang='lat' dir='ltr'><em>M</em></span> <span class='ocrx_word' id='word_1_288' title='bbox 1061 4121 1255 4188; x_wconf 73' lang='lat' dir='ltr'>(interpolatum</span> <span class='ocrx_word' id='word_1_289' title='bbox 1270 4142 1321 4192; x_wconf 81' lang='lat' dir='ltr'>pro</span> 
     </span>
     <span class='ocr_line' id='line_1_43' title="bbox 191 4192 592 4258; baseline -0.005 -15"><span class='ocrx_word' id='word_1_290' title='bbox 191 4192 353 4256; x_wconf 81' lang='lat' dir='ltr'>clementius)</span> <span class='ocrx_word' id='word_1_291' title='bbox 406 4192 473 4241; x_wconf 85' lang='lat' dir='ltr'>undo</span> <span class='ocrx_word' id='word_1_292' title='bbox 491 4192 526 4242; x_wconf 78' lang='lat' dir='ltr'>cic</span> <span class='ocrx_word' id='word_1_293' title='bbox 544 4192 592 4258; x_wconf 83' lang='lat' dir='ltr'>Mp</span> 
     </span>
    </p>
   </div>
   <div class='ocr_carea' id='block_1_8' title="bbox 192 4292 1321 4430">
    <p class='ocr_par' dir='ltr' id='par_1_21' title="bbox 192 4292 1321 4430">
     <span class='ocr_line' id='line_1_44' title="bbox 276 4292 1321 4364; baseline 0.003 -18"><span class='ocrx_word' id='word_1_294' title='bbox 276 4298 421 4346; x_wconf 82' lang='lat' dir='ltr'>Duucrrws.</span> <span class='ocrx_word' id='word_1_295' title='bbox 457 4294 490 4346; x_wconf 70' lang='lat'>12</span> <span class='ocrx_word' id='word_1_296' title='bbox 513 4297 547 4364; x_wconf 72' lang='lat' dir='ltr'>cf.</span> <span class='ocrx_word' id='word_1_297' title='bbox 572 4295 666 4361; x_wconf 56' lang='grc' dir='ltr'>θαμίν’</span> <span class='ocrx_word' id='word_1_298' title='bbox 686 4295 742 4358; x_wconf 83' lang='lat'>§6,</span> <span class='ocrx_word' id='word_1_299' title='bbox 763 4294 854 4346; x_wconf 54' lang='lat' dir='ltr'>Abel</span> <span class='ocrx_word' id='word_1_300' title='bbox 876 4294 892 4357; x_wconf 88' lang='lat'><em>§</em></span> <span class='ocrx_word' id='word_1_301' title='bbox 905 4297 929 4346; x_wconf 85' lang='lat'>3.</span> <span class='ocrx_word' id='word_1_302' title='bbox 1035 4292 1067 4345; x_wconf 91' lang='grc'>16</span> <span class='ocrx_word' id='word_1_303' title='bbox 1090 4295 1124 4361; x_wconf 79' lang='lat' dir='ltr'>cs.</span> <span class='ocrx_word' id='word_1_304' title='bbox 1153 4294 1267 4363; x_wconf 81' lang='lat' dir='ltr'>Tbeoplt.</span> <span class='ocrx_word' id='word_1_305' title='bbox 1281 4298 1321 4349; x_wconf 81' lang='lat'>66.</span> 
     </span>
     <span class='ocr_line' id='line_1_45' title="bbox 192 4361 1168 4430; baseline 0 -15"><span class='ocrx_word' id='word_1_306' title='bbox 192 4362 225 4415; x_wconf 81' lang='lat'>32</span> <span class='ocrx_word' id='word_1_307' title='bbox 243 4366 276 4430; x_wconf 66' lang='lat' dir='ltr'>cf.</span> <span class='ocrx_word' id='word_1_308' title='bbox 295 4362 401 4426; x_wconf 69' lang='lat' dir='ltr'>Paan</span> <span class='ocrx_word' id='word_1_309' title='bbox 419 4364 465 4427; x_wconf 60' lang='grc'>13.</span> <span class='ocrx_word' id='word_1_310' title='bbox 552 4362 586 4416; x_wconf 83' lang='grc'>33</span> <span class='ocrx_word' id='word_1_311' title='bbox 604 4366 638 4430; x_wconf 80' lang='lat' dir='ltr'>cf.</span> <span class='ocrx_word' id='word_1_312' title='bbox 658 4362 750 4430; x_wconf 78' lang='lat' dir='ltr'>Sop.5</span> <span class='ocrx_word' id='word_1_313' title='bbox 767 4364 818 4424; x_wconf 77' lang='lat'>§4.</span> <span class='ocrx_word' id='word_1_314' title='bbox 906 4361 940 4415; x_wconf 86' lang='grc'>36</span> <span class='ocrx_word' id='word_1_315' title='bbox 958 4364 991 4430; x_wconf 81' lang='lat' dir='ltr'>cs.</span> <span class='ocrx_word' id='word_1_316' title='bbox 1011 4361 1168 4430; x_wconf 77' lang='lat' dir='ltr'>Sap.1§6.</span> 
     </span>
    </p>
   </div>
   <div class='ocr_carea' id='block_1_9' title="bbox 0 0 1507 4890">
    <p class='ocr_par' dir='ltr' id='par_1_22' title="bbox 0 0 1507 4890">
     <span class='ocr_line' id='line_1_46' title="bbox 0 0 1507 4890; baseline 0 0"><span class='ocrx_word' id='word_1_317' title='bbox 0 0 1507 4890; x_wconf 95' lang='lat' dir='ltr'> </span> 
     </span>
    </p>
   </div>
  </div>
 </body>
</html>
