2970 4890
597 360 653 417 11.
671 360 777 417 Morta

228 536 319 611 Quae
343 536 492 602 celebres
515 535 601 598 omni
622 534 737 598 merito
761 554 909 599 mansere
932 535 1074 621 popello.

226 622 323 689 Certe
347 624 497 711 perlecta
519 620 577 686 sed
598 640 677 685 mox
699 626 809 685 aetate
830 630 973 707 recepta,

227 709 425 796 Coniugibus
451 714 561 773 tantae
586 706 752 792 condignis
773 713 847 772 sunt
869 708 1023 792 sociatae,

225 797 523 882 Multo-magisque
547 793 609 858 deo
631 794 821 879 placuerunt
843 814 973 880 semper
995 795 1036 860 ab
1063 796 1129 860 illo.

226 884 318 949 More
342 882 400 949 sed
422 883 551 947 insolito
574 886 685 966 sperat
706 900 741 944 se
764 881 856 966 virgo
877 880 981 946 Maria

227 970 330 1035 Posse
353 971 495 1055 placere,
517 968 593 1033 viris
617 966 737 1031 domini
759 987 818 1052 pro
841 969 970 1032 nomine
993 969 1119 1054 spretis.

226 1056 330 1138 Nunc,
353 1058 429 1145 quis
451 1076 515 1119 uon
539 1059 675 1138 constat,
697 1059 808 1118 votum
831 1073 867 1117 se
889 1052 1028 1119 reddere
1050 1061 1185 1135 tantum,

226 1144 352 1226 Restat,
375 1149 411 1207 ut
433 1141 641 1206 altithronum
662 1141 812 1227 precibus
835 1138 931 1224 digne
954 1142 1140 1226 rogitemus,

229 1230 275 1295 Ut
297 1251 354 1295 nos
376 1231 461 1294 forte
485 1229 551 1292 suis
574 1227 673 1292 faciat
695 1247 893 1312 cognoscere
915 1228 1018 1309 iussis,

229 1317 325 1381 Hanc
350 1317 401 1382 cui
423 1316 521 1400 legali
545 1314 594 1379 ias
617 1315 658 1378 sit
681 1334 753 1378 oum
775 1312 910 1379 foedere
933 1313 1044 1401 iungi.²

273 1403 345 1468 Tali
368 1403 501 1468 consilio
525 1420 682 1466 consensu
704 1400 811 1486 plebis
833 1399 965 1487 adepto,

229 1490 357 1555 Sortem
381 1489 550 1576 pontifices
570 1490 726 1553 miserunt
748 1488 895 1574 primitus
918 1508 1028 1553 omnes

229 1575 318 1641 Inter
339 1596 479 1663 namque
502 1575 603 1640 tribus
625 1574 778 1640 Israhelis
801 1573 982 1652 duodenas;

230 1661 321 1736 Quae
344 1685 423 1728 mox
444 1663 612 1748 egregiam
634 1660 736 1726 Iudae
759 1662 957 1746 signatiora
981 1660 1121 1747 dignam.

229 1748 303 1823 Qua
324 1750 493 1837 designata
515 1769 594 1835 prae
619 1749 740 1813 cunctis
762 1747 885 1813 scilicet
906 1769 980 1832 una,

227 1836 442 1939 Praecepere,
464 1837 549 1901 siros
572 1834 718 1900 eiusdem
741 1835 893 1919 germinis
915 1855 1036 1918 omnes,

229 1921 317 1996 Quos
340 1944 408 1988 eme
433 1922 621 2008 coniugibus
643 1922 721 1985 fecit
743 1921 919 1986 consistere
942 1943 1044 2006 casus,

229 2007 391 2075 Oollectos
414 2030 492 2095 ergo
515 2027 706 2073 concurrere
729 2008 798 2071 sole
821 2007 963 2073 secundo

228 2095 272 2160 ut
292 2097 440 2161 manibus
463 2096 571 2181 virgas
594 2094 716 2159 dextris
740 2094 887 2159 conferre
909 2096 1065 2161 novellas.

271 2183 331 2247 His
352 2184 451 2269 igitur
472 2183 593 2247 cunctis
616 2187 685 2246 toto
708 2182 877 2246 conamine
899 2182 1002 2265 lectis,

228 2268 371 2335 Advenit
393 2269 508 2354 dignus
531 2269 639 2333 senior
658 2268 781 2354 Ioseph
804 2269 943 2333 sociatus

228 2355 306 2439 Illis,
328 2357 491 2421 incurvam
514 2361 647 2442 portans
670 2356 729 2421 sub
751 2354 857 2420 iudice
880 2356 1013 2440 virgam.

230 2443 277 2507 At
299 2464 375 2508 vero
398 2463 540 2507 summus
562 2443 669 2528 virgas
691 2441 835 2506 tollendo
859 2442 1010 2507 sacerdos

231 2529 383 2596 Gaudens
406 2536 602 2611 cunctorum,
626 2529 755 2593 domino
778 2529 901 2593 faciens
923 2530 1157 2611 holocaustum,
1252 2535 1302 2602 [οἱ.
1314 2534 1360 2590 1³¹

231 2615 317 2690 Quid
339 2617 410 2682 fieri
430 2617 553 2698 iubeat,
577 2616 655 2680 lusis
677 2615 828 2702 precibus
851 2616 1024 2701 rogitabat.

236 2703 296 2768 (lui
316 2724 394 2768 mox
415 2704 540 2768 iudiciis
563 2701 678 2767 divinis
699 2703 761 2767 ista
782 2701 944 2784 iubentur,

231 2791 392 2877 Tempore
415 2789 542 2876 digesto
566 2790 627 2855 sibi
650 2809 733 2875 quae
756 2789 885 2853 fuerant
907 2788 1065 2855 facienda.

233 2878 459 2943 Prasmonitus
482 2878 590 2961 virgas
614 2878 668 2962 qui
689 2877 777 2941 misit
798 2876 943 2961 protinus
964 2878 1051 2963 ipsas

231 2964 270 3030 In
291 2965 404 3050 templi
425 2970 572 3029 sanctum
595 2963 711 3028 famosi
732 2964 801 3028 iure
825 2969 995 3047 secretum,

235 3050 453 3132 Demandans‚
478 3050 589 3137 quidni
611 3050 772 3116 collectim
794 3051 866 3116 luce
890 3052 1038 3137 sequenti

234 3137 336 3203 Iudae
358 3139 486 3223 regales
508 3139 626 3202 iterum
648 3137 777 3201 venisse
798 3144 947 3225 nepotes,

230 3223 501 3312 Unumquemque
524 3246 616 3289 suam
638 3245 764 3288 rursum
787 3244 915 3311 quoque
939 3244 1067 3290 sumere
1090 3225 1229 3309 virgam;

233 3310 316 3376 Nam
338 3312 400 3377 sibi
444 3332 480 3376 ro
504 3312 596 3397 signo
620 3310 740 3377 dictum
763 3311 870 3376 fuerat
892 3311 1075 3393 manifesto,

233 3397 334 3485 Virgo
357 3333 444 3484 quod
464 3399 547 3464 haec
570 3397 659 3465 credi
681 3397 818 3463 deberet
839 3398 955 3463 nobilis
977 3398 1035 3479 illi,

229 3483 281 3549 De
305 3485 393 3550 cuius
415 3484 507 3570 virga
528 3485 680 3551 volitaret
701 3485 763 3550 rite
786 3484 945 3566 columba,

120 3597 160 3636 sss
232 3569 323 3644 Quae
345 3571 478 3658 petiisse
524 3572 611 3636 olum
634 3577 810 3659 temptaret
832 3572 977 3656 protinus
1000 3571 1111 3635 altum.

276 3656 364 3723 Dum
386 3663 437 3722 ter
458 3592 547 3723 midle
571 3678 645 3722 suas
667 3660 844 3723 retinerent
866 3656 1007 3744 denique
1031 3663 1143 3745 captas

229 3743 348 3831 Virgae
372 3765 532 3831 personae
554 3743 721 3832 praedicto
745 3751 892 3832 tempore
916 3751 1003 3809 certe

206 3899 258 3953 421
287 3903 363 3954 Certa
388 3901 431 3951 Μ’
459 3900 547 3966 (Certa
574 3904 685 3970 perfecte
706 3903 739 3968 p)
859 3900 912 3954 425
938 3903 1002 3954 viris
1031 3901 1123 3955 Gelas.-
1149 3904 1201 3955 tuis
1227 3903 1262 3955 M

122 3968 173 4022 429
196 3972 273 4023 Hanc
295 3973 357 4037 quis
374 3970 409 4022 Μ
422 3988 454 4023 ca
469 3975 556 4023 adid
572 3971 619 4039 (cs.
638 3987 731 4037 appar.
749 3971 786 4022 od
800 3970 949 4038 put.486).·
967 3972 1068 4023 correct
1152 3971 1206 4026 430
1223 3974 1258 4040 os.

124 4041 205 4108 Gcnp.
217 4042 274 4107 327,
287 4040 344 4093 Pel.
355 4042 412 4104 358,
428 4039 585 4108 Theoph.18
596 4040 780 4108 (depompcu.
792 4058 815 4092 o.
826 4041 855 4092 in
866 4040 921 4093 tad.
930 4041 1052 4108 gramm.)
1115 4039 1164 4095 431
1177 4044 1259 4111 ponti·

123 4111 178 4161 ficis
196 4108 232 4160 M
296 4107 347 4162 441
362 4110 447 4162 indice
464 4111 500 4162 sic
518 4110 556 4174 M,
574 4113 599 4163 st
615 4128 638 4164 o.
651 4108 703 4161 445
714 4110 816 4162 iudiciis
885 4107 1076 4162 4441ub0rl1:
1094 4113 1197 4166 correct
1214 4111 1259 4177 (ds

124 4195 219 4231 coam.
237 4188 311 4244 temp.
328 4197 352 4232 o.
369 4175 423 4231 iad.
439 4181 560 4246 gramm.)
646 4176 697 4232 457
716 4185 784 4231 certe
802 4179 906 4245 scripsi:
924 4187 994 4246 certe
1012 4179 1043 4229 M
1060 4198 1098 4247 ug.

207 4296 260 4351 423
284 4301 319 4365 cf.
341 4299 396 4350 ind.
419 4307 489 4350 matr.
589 4296 642 4352 424
667 4298 742 4350 solito
763 4314 834 4350 mors
857 4317 878 4352 s.
893 4318 918 4365 9.
940 4299 1014 4366 Vsrp.
1037 4299 1103 4352 Aac,
1125 4298 1185 4351 VII
1204 4301 1259 4351 367.

125 4364 175 4421 426
192 4375 294 4420 constat
309 4369 326 4419 ι’.
339 4386 359 4421 e.
378 4370 499 4422 concesso.
604 4365 656 4420 434
673 4368 708 4434 os.
725 4383 778 4420 oso.
789 4370 834 4421 82.

175 4449 363 4507 Hnorssrrsss
381 4466 473 4508 oms.
1087 4452 1104 4505 2
