2970 4890
612 354 667 409 11.
688 352 790 409 Mosa.

244 529 316 595 Hoc
339 535 371 592 te
394 528 490 609 ferre,
513 525 593 591 meis
615 528 737 612 satagis
760 526 847 612 quod
868 545 990 613 ponere
1012 526 1155 592 mansis?

248 615 310 690 Qui
332 616 413 679 citus
436 614 619 678 anniculum
681 614 795 699 egibus
818 612 1025 679 subtraxerat
1047 633 1178 699 agnum,

248 706 388 790 Sperans
412 701 620 786 obprobrium
672 700 760 764 uben
782 719 925 765 cessasse
949 706 1121 781 vetustum,
1271 712 1364 780 soter

248 790 399 854 Immolet
423 792 457 852 et
479 786 609 851 domino
631 787 761 871 gavisus
782 794 915 873 pectore
937 787 1036 870 laeto,

246 876 378 961 Ignibus
401 896 421 939 a
444 874 567 960 positis,
590 878 626 936 ut
647 873 748 938 habet
769 873 957 960 praeceptio
981 874 1074 960 legis.

245 964 401 1047 Angelus,
447 962 453 975 '
494 961 588 1042 rotis,
609 964 646 1024 ut
667 961 768 1039 iussit,
789 961 851 1025 rite
873 962 1024 1046 peractis,

246 1051 366 1114 Altaris
388 1049 477 1112 fumo
500 1046 646 1112 sublatus
668 1048 776 1132 pergit
797 1046 840 1111 ad
863 1054 957 1112 astra.

288 1135 358 1199 Iam
382 1143 457 1199 tunc
480 1133 647 1198 clementis
693 1134 828 1198 aulatim
850 1135 955 1219 gratia
977 1131 1078 1219 petris

247 1223 394 1309 Incoepit
416 1220 513 1286 radiis
534 1219 655 1284 mundo
670 1155 840 1285 ducessere
864 1221 957 1285 claris

249 1311 358 1395 Atque
380 1309 468 1395 prior
489 1307 639 1372 stabilem
663 1306 822 1372 discordia
845 1326 973 1371 sumere
995 1304 1104 1385 finem

250 1396 330 1460 Cum
354 1416 412 1459 sua
435 1395 593 1460 caelestes
616 1394 754 1479 primum
777 1395 937 1459 consortia
960 1393 1047 1457 ciras

249 1482 334 1547 Olim
357 1482 536 1567 terrigenas
557 1481 791 1567 promittebant
813 1481 990 1561 habituros,

251 1569 339 1643 Quos
362 1569 448 1654 prius
475 1568 638 1632 emeritis
660 1567 769 1633 Adam
791 1588 944 1654 sprevere
967 1563 1120 1654 parentis.

249 1655 318 1721 Nec
339 1656 434 1719 latuit
457 1662 532 1718 tunc
554 1654 738 1740 angelicum
761 1655 933 1720 elementia
956 1658 1086 1719 coetum

249 1742 456 1828 Omnipatris,
477 1741 643 1827 proprium
666 1743 720 1828 qui
742 1762 821 1806 mox
842 1750 917 1828 post
940 1747 1089 1827 tempora
1109 1741 1221 1801 natum

249 1829 380 1895 Mittere
403 1829 583 1914 virgineum
607 1829 762 1893 miserans
786 1828 926 1915 disponit
947 1829 980 1892 in
1003 1828 1121 1906 alvum,
1152 1870 1154 1875 -

249 1916 304 1999 Ut,
326 1917 393 1981 sine
417 1916 572 2001 principio
594 1920 689 1979 natus
712 1915 753 1980 de
776 1921 868 2000 patre
891 1935 1055 2000 supremo,

250 2002 387 2068 Carnem
410 2003 554 2087 virgineo
577 2001 637 2066 sub
660 2007 808 2089 tempore
832 2009 975 2068 sumeret
997 2002 1071 2067 also

253 2090 373 2155 Omnes
396 2095 494 2174 atque
516 2108 574 2152 suo
598 2089 739 2154 salvaret
761 2090 917 2174 sanguine
940 2109 1042 2167 sacro,

249 2176 300 2241 Ne
322 2176 497 2262 posthaec
519 2176 649 2326 penoris
670 2176 802 2240 humani
825 2176 957 2241 callidus
979 2175 1081 2240 hostis

254 2263 419 2327 (laudaret
441 2283 517 2327 mun
540 2283 595 2326 um
618 2262 742 2348 laqueis
763 2263 903 2327 retinere
925 2263 1084 2347 malignis,

252 2348 318 2414 Sed
339 2350 440 2436 patris
463 2358 497 2414 at
518 2349 594 2423 nati,
617 2370 737 2414 numen
761 2369 889 2435 quoque
912 2351 1093 2435 pneumatis
1116 2352 1203 2435 almi,

253 2438 392 2522 Aequali
413 2435 517 2501 forma
538 2436 664 2585 pollens
686 2437 745 2501 sub
768 2438 897 2501 nomine
920 2437 1003 2500 trino

257 2523 432 2588 Finetenus
454 2522 603 2587 stabiam
625 2530 778 2608 regnaret
798 2525 868 2589 iure
890 2543 950 2610 per
972 2523 1094 2589 orbem.

298 2610 442 2695 Angelus
465 2610 657 2694 astrigerum
679 2616 851 2696 postquam
874 2609 1072 2674 transcendit
1087 2611 1263 2698 olympum,

254 2697 321 2761 Vix
342 2697 468 2782 patiens
490 2696 634 2761 Ioachim
657 2703 767 2762 tantae
791 2697 963 2798 praeconia
985 2717 1102 2763 causae

253 2783 295 2847 Et
316 2790 420 2848 tactus
442 2783 547 2847 iaculo
570 2785 701 2848 terroris
726 2784 865 2870 demque
888 2804 1017 2869 magno,
1279 2788 1328 2855 sol·
1343 2789 1380 2839 θ’

256 2869 381 2936 Stratus
403 2868 549 2956 adusque
572 2870 676 2934 solum
698 2870 775 2936 doni
795 2873 914 2936 virtute
937 2873 1067 2958 superui

258 2956 452 3022 Perlimidus
473 2958 571 3021 iacuit
591 2977 716 3022 necnon
739 2959 808 3023 sine
831 2965 940 3023 mente
964 2959 1086 3045 quievit

255 3043 360 3130 Ipsius
386 3043 429 3128 (a)
454 3050 559 3127 sexta,
581 3045 614 3108 ni
637 3044 740 3129 fallor,
762 3045 846 3110 forte
870 3045 945 3125 diei,

256 3130 342 3195 Dum
365 3131 539 3217 solusque
562 3151 655 3195 suum
679 3133 833 3197 conclusit
855 3151 992 3219 vespere
1015 3152 1152 3196 cursum.

297 3217 428 3282 Interea
449 3219 541 3303 pueri
564 3225 721 3283 venerunt
744 3240 817 3284 cum
839 3239 939 3305 grege
962 3219 1048 3299 lassi,

257 3303 402 3390 Cumque
425 3325 517 3369 suum
541 3303 705 3369 dominum
728 3312 815 3371 terra
837 3305 948 3371 ridere
969 3306 1121 3383 locatum,

258 3389 442 3456 Comminus
464 3390 629 3456 adstantes
651 3399 829 3478 coeperunt
852 3391 975 3458 discere
997 3393 1106 3457 tristes

257 3476 395 3543 Causam
418 3479 548 3543 terroris
571 3477 700 3543 turbata
722 3486 833 3545 mente
856 3481 1009 3555 recantis;

258 3563 368 3650 Ipsum
390 3572 536 3651 percerte
560 3564 620 3629 sad
642 3565 697 3629 rix
719 3572 855 3652 potuere
877 3568 997 3632 leuare.

258 3649 335 3724 Quis
357 3673 429 3717 cum
452 3652 603 3716 caelestis
625 3659 788 3718 narrasset
809 3655 921 3719 nuntia
943 3654 1031 3736 civis,

237 3838 289 3892 220
300 3843 411 3896 salueret
422 3844 465 3903 dir
477 3846 510 3912 os.
525 3845 580 3895 iad.
591 3857 701 3909 promta.
765 3844 815 3896 2⁶24
828 3847 927 3912 pollens
938 3845 967 3909 (o
978 3862 1009 3896 ex
1020 3846 1100 3910 corr.)
1112 3842 1150 3906 M,
1162 3822 1281 3908 pdlensp

148 3908 203 3961 228
223 3911 305 3962 incolo
322 3912 362 3961 M'
449 3912 497 3965 ‘231
518 3931 534 3964 a
553 3913 694 3964 addidisse
712 3914 890 3967 pausatae
907 3917 941 3967 ab
959 3916 1022 3966 hora
1040 3915 1090 3965 diei
1108 3920 1181 3965 sexta
1200 3926 1281 3976 usqua

150 3980 184 4030 ad
210 3996 341 4047 vesperam
362 3983 441 4035 iacuit
527 3983 579 4034 234
603 3990 672 4034 tarra
695 3985 798 4049 scripsi:
821 3993 875 4037 tota
900 3985 929 4035 M
951 3983 1072 4050 (pronum
1097 3984 1191 4042 Gallae:
1217 3977 1283 4031 ‘tota

151 4065 187 4098 ac.
207 4046 284 4099 terrc'
301 4051 455 4116 septimas
472 4052 591 4117 Baroek)
763 4069 765 4075 ·
904 4072 906 4077 ·

242 4218 293 4273 203
317 4221 474 4276 Peliaca.
496 4227 512 4277 3
539 4231 603 4275 tunc
628 4223 742 4274 [oachim
770 4227 869 4293 aceepit
889 4241 986 4291 agnum
1009 4225 1218 4287 immaculatum
1247 4219 1282 4286 cs·

157 4288 234 4339 aod.
246 4293 308 4354 ηδ
323 4291 356 4355 (s.
367 4297 417 4346 206
433 4294 580 4360 praeceptio
597 4291 675 4357 legis)
689 4293 738 4344 erit
754 4302 840 4347 autom
857 4312 942 4363 agnus
954 4296 1051 4361 absquo
1068 4293 1173 4347 macula
1184 4305 1283 4343 masos·

156 4358 203 4408 lna
220 4358 358 4413 anniculus.
444 4358 495 4413 229
513 4359 549 4424 cs.
566 4358 685 4412 limae
771 4361 823 4417 236
840 4363 872 4430 os.
892 4363 963 4417 Mar.
979 4367 1031 4417 713.
