2970 4890
607 343 664 398 15.
685 341 856 409 receperas.
1265 345 1299 399 63

707 513 747 578 V.

170 633 351 701 Laesus
374 633 432 698 ΕΤ
458 632 712 698 OONVERSIO
736 633 987 698 THEOPHILI
1002 634 1282 701 VIOEDOMINI.

310 805 489 891 Postquam
512 803 569 868 lux
590 803 667 869 fidei
691 825 838 868 crescens
861 825 921 890 per
943 806 1073 870 climata
1096 806 1205 872 mundi

267 889 411 956 Siciliam
433 890 577 955 tenebris
600 910 744 954 errorum
767 892 862 955 solvit
885 892 926 955 ab
950 894 1037 975 atris,

267 976 330 1041 Vir
352 978 430 1042 satis
452 978 583 1041 illustris
607 979 745 1042 nutritur
766 977 912 1062 partibus
934 979 1006 1060 illis,

267 1062 449 1128 Nobilitate
471 1070 599 1148 potens,
622 1065 730 1127 meriti
753 1063 925 1149 splendore
949 1065 1130 1149 refulgens;

268 1149 372 1214 Hicce
395 1149 596 1236 Tbeophilus
619 1151 726 1214 fuerat
749 1149 789 1213 de
813 1151 942 1214 nomine
966 1150 1079 1231 dictus,

268 1235 348 1300 Puri
370 1242 496 1301 sacrata
519 1237 637 1300 tinctus
659 1236 703 1301 bs
726 1237 864 1299 tismatis
886 1235 983 1300 unde.

271 1321 376 1396 Quem
399 1322 519 1387 devota
540 1329 669 1408 patrum
715 1323 806 1386 'vinis
830 1343 905 1386 cura
928 1342 1058 1385 suorum

270 1407 444 1494 Obsequiis
465 1410 564 1493 igitur
586 1409 696 1495 primis
719 1410 858 1493 signavit
880 1409 921 1472 ab
946 1408 1037 1472 annis

269 1494 389 1580 Atque,
411 1495 461 1558 sui
484 1494 611 1560 dulcem
633 1496 687 1580 pie
711 1494 911 1559 sollicitando
934 1500 1099 1579 nepotem,

268 1579 404 1645 Ouidam
426 1582 570 1666 pontifici
593 1581 730 1646 credidit
752 1583 885 1645 nimium
909 1581 1058 1666 sapienti,

273 1665 344 1740 Quo
367 1668 504 1732 nutriret
528 1689 602 1732 eum
625 1667 731 1732 studio
755 1669 889 1732 florente
914 1666 1106 1747 docendum,

271 1753 288 1817 I
312 1755 376 1818 sius
399 1755 576 1839 ingenuum
599 1755 781 1839 mentisque
805 1755 927 1839 rigaret
949 1754 1091 1838 agellum

305 1840 481 1925 esophiae
504 1842 580 1905 rivis
603 1847 739 1926 septeno
763 1841 852 1904 fonte
875 1841 1044 1903 manantis.

315 1924 459 2011 Oumque
482 1928 536 2012 pio
560 1928 638 1990 satis
661 1927 789 1990 exausti
811 1948 912 2012 puero
936 1927 1022 1990 foret
1043 1924 1115 2008 ipsi,

270 2010 378 2097 Digne
402 2013 571 2077 confestim
594 2019 766 2098 provectus
790 2013 911 2077 honore
935 2012 1095 2097 gradatim

271 2096 492 2163 Perveniebat
514 2099 556 2163 ad
580 2099 720 2163 officium
743 2099 873 2163 sibimet
895 2100 973 2162 sctis
996 2104 1119 2183 aptum,

271 2183 366 2257 Quod
388 2184 499 2270 lingua
520 2186 609 2270 vulgi
632 2187 747 2250 scimus
770 2184 941 2250 ‘vicedom’
963 2183 1108 2249 vocitari.

269 2269 342 2334 Hac
363 2271 461 2355 igitur
483 2274 564 2335 tanti
586 2290 708 2357 pompa
730 2272 910 2356 splendoris
934 2271 1064 2356 adepta,

271 2355 420 2421 Pontifici
443 2378 478 2421 se
502 2358 682 2422 subiectum
706 2359 857 2444 cleroque
882 2357 1066 2421 modestum

270 2442 427 2508 Praebuit
449 2450 547 2529 atque
570 2445 659 2529 pium
681 2446 801 2529 populo
826 2444 1013 2529 cunctisque
1035 2443 1222 2526 benignum,

270 2527 465 2616 Commisso<
488 2529 542 2612 ue)
567 2533 661 2615 gregi
683 2530 788 2594 studio
812 2536 943 2616 preerat
964 2529 1127 2613 vigilanti3

268 2614 412 2681 Maxime
436 2552 496 2680 sed
518 2614 636 2680 Christi
658 2617 796 2680 minimis
819 2616 1009 2700 miserisque
1032 2614 1162 2700 pupillis
1293 2621 1342 2686 fol.
1355 2625 1408 2672 47*

268 2701 319 2766 Ac
341 2704 436 2766 castis
458 2702 562 2766 viduis
585 2723 710 2767 necnon
733 2704 854 2766 cunctis
901 2702 1058 2785 eregrinis

269 2788 389 2852 Vestes
412 2796 446 2853 et
467 2790 587 2853 victum
611 2789 728 2853 dextra
751 2789 862 2853 tribuit
877 2723 968 2851 bene
991 2788 1094 2872 larga,

158 2901 185 2942 ss
269 2872 519 2960 Hospitiumque
543 2877 632 2959 vagis
655 2896 830 2961 numquam
854 2873 1027 2938 claudebat
1051 2877 1172 2957 egenis.

267 2959 355 3025 Hinc
377 2962 475 3046 igitur
498 2981 627 3026 consors
651 2964 754 3025 omnis
777 2961 908 3026 devotio
931 2960 1036 3045 plebis

268 3046 401 3111 Affectu
423 3053 537 3112 tenero
560 3049 664 3112 cordis
687 3048 854 3134 pendebat
876 3049 909 3111 in
931 3048 1004 3110 illo:

270 3132 382 3218 Ipsum
405 3155 465 3198 ceu
489 3133 616 3199 dulcem
638 3141 833 3200 venerantur
856 3133 994 3198 amando
1017 3138 1195 3218 parentem.

311 3218 442 3284 Interea
464 3221 513 3284 vir
535 3242 732 3285 summorum
755 3222 885 3307 praesul
907 3222 1096 3285 meritorum

161 3329 187 3370 so
273 3303 417 3370 Caelitus
441 3314 609 3392 acceptum
633 3307 752 3371 direxit
775 3308 817 3371 ad
840 3308 974 3371 aethera
996 3307 1118 3369 fletum.

270 3390 439 3464 Quonam
463 3391 625 3474 defuncto,
649 3395 773 3478 gremio
797 3401 969 3478 terraeque
992 3393 1110 3472 locato,

245 3567 420 3615 anormans.
459 3565 473 3615 1
495 3567 557 3617 Post
575 3567 617 3616 Μι
705 3566 722 3618 2
746 3564 868 3633 Siciliam]
894 3569 929 3634 cf,
953 3565 1079 3628 Scmmer,
1102 3565 1134 3616 dc
1162 3564 1217 3615 The
1252 3563 1300 3614 tili

158 3650 217 3685 crem
234 3633 339 3685 diabolo
351 3634 455 3701 foedere
467 3633 560 3698 (Halia
578 3654 602 3688 a.
617 3638 693 3700 1844)
707 3653 737 3702 p.
752 3635 795 3686 11*
864 3632 1143 3702 daignificovitM¹p¹
1215 3631 1229 3683 1
1261 3633 1299 3683 in·

158 3720 276 3770 genuum
287 3703 323 3754 sic
335 3703 370 3752 Μ
437 3701 468 3754 17
481 3705 597 3756 vicedom
609 3705 701 3770 scripsi
712 3706 802 3771 forma
815 3703 948 3755 Buconica
962 3706 1007 3770 (cs.
1020 3705 1062 3756 Zs.
1074 3704 1095 3769 f.
1108 3703 1133 3753 d.
1147 3700 1181 3750 A.
1197 3700 1302 3752 XLIII

157 3771 303 3839 μώσῃς
319 3768 413 3823 uieedo
431 3771 470 3835 M,
489 3775 629 3839 uicedeop
717 3772 749 3824 21
769 3791 819 3840 qus
837 3773 900 3824 add.
920 3773 1000 3824 Oeltes
1086 3769 1122 3823 30
1138 3771 1272 3836 astbraM

245 3912 419 3961 mormius.
447 3911 511 3978 les.
524 3929 617 3977 appar.
631 3914 667 3963 od
680 3912 760 3978 Gany.
771 3915 828 3966 303.
899 3911 1117 3981 2cs.Diorr.116.
1187 3909 1298 3977 daqcs.

158 3979 331 4031 Boenasa.
403 3978 488 4031 7-28
507 3984 541 4047 cs.
554 3984 632 4032 vitam
644 4000 664 4033 s.
679 3983 753 4033 Galli
770 3980 874 4045 c.1(P.
886 3981 913 4032 O.
932 3991 990 4032 tom.
1001 3981 1077 4045 Hp.
1091 3979 1164 4044 429).
1235 3977 1298 4046 801⁴.

160 4049 292 4115 Gorsqffl,
310 4047 378 4114 Apu.
390 4052 443 4101 136.
456 4053 511 4101 178.
523 4054 581 4113 283,
594 4052 673 4115 prim.
690 4057 718 4102 14
738 4059 748 4114 (
756 4051 829 4116 Verp.
848 4050 914 4101 Aen.
928 4050 1018 4114 1187,
1034 4049 1087 4100 uita
1099 4067 1119 4099 a.
1136 4049 1210 4100 Galli
1226 4067 1248 4101 o.
1265 4047 1298 4113 7).

159 4117 192 4169 ll
205 4120 241 4184 ef.
253 4125 314 4183 pest.
326 4120 376 4169 346
386 4127 408 4169 et
420 4118 509 4170 Boetls.
522 4122 616 4171 consol.
629 4120 727 4171 Philos.
741 4119 760 4168 I
769 4137 790 4171 c.
802 4126 824 4181 1,
835 4125 847 4170 1
859 4120 944 4170 studio
956 4120 1070 4170 florente.
1148 4117 1181 4170 13
1193 4126 1299 4185 septeno

160 4189 231 4238 lento
250 4187 266 4236 i.
277 4203 298 4237 e.
310 4187 387 4237 trivio
407 4197 430 4239 et
447 4187 591 4253 quoodo-uuio
603 4188 672 4252 (Pel.
682 4194 714 4239 17
719 4207 727 4248 ,·
745 4190 779 4254 cf.
795 4188 929 4239 Bendiaeen
942 4187 1012 4253 Hp.
1022 4187 1091 4251 36⁴⁰,
1105 4187 1195 4253 Meyer
1203 4205 1233 4252 p.
1242 4186 1298 4250 68).

161 4255 194 4307 14
214 4257 250 4322 cf.
261 4264 323 4321 pert.
336 4260 385 4308 108
401 4266 425 4308 et
442 4256 532 4309 Boetia.
552 4258 648 4309 consol.
667 4258 764 4310 Ptiloa.
784 4258 804 4306 I
808 4256 861 4307 Vc.
870 4260 894 4315 1,
903 4261 933 4308 16
950 4265 1027 4323 atque
1045 4257 1091 4307 ubi
1108 4257 1161 4307 iam
1179 4255 1299 4306 exhausti

159 4325 323 4378 fueritsatis.
393 4323 472 4391 22oq.
491 4326 664 4392 cs.Mor.68.
736 4325 770 4377 24
788 4328 823 4393 cf.
839 4325 920 4392 Gonq.
931 4330 987 4378 161.
1056 4327 1090 4378 30
1106 4326 1139 4391 cf.
1147 4325 1228 4389 prim.
1240 4324 1298 4375 483.
