2970 4890
603 310 864 366 HRO'I'SVITHAE
882 310 1011 364 OPERA.

343 485 530 550 Muneribus
553 490 679 547 nostras
702 483 792 567 large
817 481 975 547 ditescere
1000 482 1145 560 domnas,

347 573 411 637 Hic
434 572 555 635 servire
578 571 639 653 piis
663 568 786 633 debent
808 590 891 654 quae
915 568 1028 633 sedulo
1051 572 1168 636 nostris

348 658 509 737 Patronis,
534 677 669 742 quorum
691 655 825 735 meritis,
847 656 998 740 precibus
1022 677 1151 743 quoque
1174 657 1273 724 sacris

345 745 520 810 Successus
541 742 635 806 nobis
658 747 791 827 optatae
813 763 890 826 pros
915 743 1037 805 eritatis
1317 760 1381 814 (us)

344 831 479 895 Necnon
500 829 620 913 regalis
644 828 743 893 decus
766 763 944 893 accedebat
966 828 1119 898 honoris.³

345 917 419 981 Hac
442 916 567 980 ratione
590 936 682 978 suam
705 915 839 999 stirpem
862 922 1069 1000 persuaserat
1092 936 1221 981 omnem

344 1002 433 1087 Erga
456 1001 606 1067 coenobii
628 1001 749 1065 cultum
796 1002 826 1064 ie
849 1002 1024 1066 sollicitari.

346 1088 389 1152 Et
411 1089 493 1170 loca,
518 1108 600 1172 quae
648 1088 735 1151 eneri
784 1107 846 1150 ono
869 1088 956 1171 regis
979 1087 1162 1152 Hludowioi

347 1174 541 1239 Possessura
564 1109 695 1259 quidem
717 1174 881 1258 proprium
905 1175 1046 1258 suscepit
1067 1175 1100 1237 in
1123 1195 1226 1258 usum,
1320 1192 1379 1246 (rso)

343 1260 556 1325 Permittente
580 1281 638 1323 sua
660 1261 782 1344 pariter
803 1261 927 1344 pietate
950 1260 1102 1344 benigna,

346 1346 513 1411 Ecclesiae
537 1345 621 1410 tradi
644 1346 785 1410 faciebat
808 1344 1098 1411 Gaudeshemensi.

346 1432 417 1497 Nec
438 1454 498 1498 rex
520 1433 590 1518 ipse
614 1433 720 1496 locum
743 1432 928 1496 sublimarit
949 1434 1053 1497 minus
1075 1434 1176 1514 illum,

344 1518 540 1603 Liudgardis
563 1520 616 1603 pie
639 1519 774 1602 reginae
796 1519 942 1583 bonitate
965 1525 1137 1603 precante;

346 1604 412 1669 Sed
436 1604 567 1669 tradens
589 1605 636 1668 illi
659 1605 794 1689 largitur
815 1604 950 1690 praedia
971 1607 1073 1669 multa
1322 1626 1380 1679 (css)

347 1691 387 1756 In
409 1692 458 1755 ius
482 1690 684 1775 Gerbergae,
706 1697 836 1755 nostrae
859 1692 1001 1756 rectricis
1025 1691 1193 1772 amandae,

348 1777 454 1862 Ipsius
476 1778 607 1841 illustris
628 1778 761 1862 reginae
783 1797 923 1862 namque
947 1779 1073 1842 sororis.

347 1863 440 1937 Quae
463 1884 523 1928 rex
545 1863 711 1944 Amulius,
734 1884 901 1927 successor
922 1863 1045 1928 scilicet
1066 1865 1169 1944 huius,

348 1950 428 2014 Post
449 1950 531 2014 haec
553 1971 613 2033 per
635 1950 788 2035 scriptum
811 1950 913 2033 regali
936 1951 1005 2013 iure
1029 1955 1185 2015 statutum

346 2035 480 2115 Firmat,
503 2037 619 2100 vinetis
642 2036 711 2100 eius
735 2034 820 2099 dono
843 2037 1053 2121 superauctis.
1320 2054 1380 2108 (sco)

346 2123 396 2186 Ac
419 2123 463 2185 sic
487 2122 645 2186 coenobio
669 2121 845 2186 succedunt
867 2143 1022 2208 prospere
1045 2123 1146 2207 plura,

346 2207 551 2273 Summorum
574 2209 697 2272 meritis
720 2207 994 2273 intercedentibus
1017 2209 1110 2272 almis

346 2294 549 2377 Pontificum,
573 2316 708 2380 quorum
733 2300 857 2358 constat
879 2295 937 2359 sub
960 2294 1081 2359 honore
1105 2295 1255 2360 dicatum.

347 2379 415 2445 Sed
436 2401 477 2445 ne
500 2382 572 2466 plus
595 2382 679 2445 iusto
702 2381 835 2464 fragiles
859 2382 1017 2445 extollere
1040 2388 1168 2446 mentes

348 2466 509 2532 Suaderet
532 2468 605 2531 talis
628 2487 793 2531 successus
815 2468 1049 2553 prosperitatis,
1320 2487 1377 2536 (scs)

348 2553 457 2639 thue
479 2555 673 2638 probaretur
695 2554 775 2616 felix
797 2555 897 2617 nostri
921 2553 1127 2634 dominatrix,

347 2641 434 2704 Vere
458 2640 566 2704 iudicii
589 2640 726 2704 salubris
749 2660 884 2704 censura
906 2640 1036 2725 superni

346 2726 520 2812 Perplures
542 2727 657 2790 horum
680 2725 798 2789 mundo
822 2727 1029 2791 subtraxerat
1050 2727 1122 2804 isto,

345 2812 488 2885 Quorum
512 2813 704 2877 coenobium
728 2813 834 2876 fueret
856 2812 1012 2876 solamine
1036 2813 1161 2877 fultum.

388 2899 475 2984 Ergo
499 2920 577 2984 rege
600 2901 654 2983 pio
677 2900 743 2963 iam
766 2899 917 2963 defuncto
941 2898 1144 2979 Hludowico,
1317 2915 1377 2969 (nc)

346 2984 410 3057 Qui
433 3006 547 3070 regum
569 2986 691 3070 primus
712 2991 840 3049 nostros
863 2985 1015 3048 tradebat
1037 2987 1069 3048 in
1092 3006 1168 3049 usus

345 3070 464 3155 Regali
486 3073 572 3155 prius
596 3071 752 3155 obsequio
775 3073 848 3135 loca
871 3070 981 3135 debita
1004 3073 1114 3152 multa,

347 3153 485 3220 Necnon
508 3158 717 3242 cyrographis
741 3159 809 3221 eius
832 3157 891 3221 sub
915 3159 1043 3221 nomine
1068 3158 1192 3242 scriptis

347 3241 423 3305 lura
446 3245 632 3306 monasterii
654 3244 839 3307 firmaverat
862 3246 969 3307 omnia
991 3245 1102 3325 nostri,

345 3325 423 3389 Eius
446 3335 520 3411 post
543 3350 643 3393 annos
668 3328 827 3392 discessus
850 3329 989 3414 denique
1013 3350 1134 3415 paucos
1318 3347 1377 3399 (us)

347 3410 541 3497 Liudgerdis
564 3416 688 3498 regina,
712 3416 761 3478 sui
784 3415 971 3499 dignissima
992 3418 1085 3502 regni

347 3495 496 3579 Consors,
522 3506 684 3563 tantorum
708 3521 792 3585 quae
815 3502 908 3565 uobis
932 3525 1030 3567 causa
1053 3505 1211 3567 bonorum

323 3735 376 3788 438
402 3741 523 3791 mentisl
618 3739 670 3792 446
697 3744 954 3796 Gandarheimensll
1058 3743 1110 3796 448
1135 3747 1178 3812 pia
1205 3745 1247 3795 bl:
1275 3746 1377 3797 correxi

238 3804 291 3858 452
308 3809 392 3869 Quem
410 3808 438 3858 bl
541 3807 593 3861 453
610 3811 672 3862 Post
691 3813 741 3863 bac
759 3814 784 3876 t,
802 3815 864 3865 Post
882 3815 924 3866 hic
943 3817 964 3866 l:
982 3816 1084 3867 correxr'
1187 3813 1238 3868 455
1256 3832 1377 3882 prospere

240 3877 276 3926 cic
294 3874 343 3936 Ιιῑῐῑ
361 3894 483 3944 prospera
501 3880 542 3931 ed.
560 3880 636 3931 Perta
738 3880 790 3933 459
808 3884 923 3935 Suadent
940 3886 1006 3936 tales
1024 3883 1034 3935 l
1137 3882 1191 3938 460
1207 3886 1349 3952 probantur
1367 3884 1378 3934 l

238 3942 290 3995 462
306 3948 492 3998 subtraxeritt
568 3947 621 4000 464
637 3950 799 4002 ludowicob
873 3951 926 4004 465
944 3955 1059 4021 regeml
1128 3951 1179 4006 467
1198 3971 1253 4021 cyr·
1271 3954 1377 4019 scripsi:

239 4015 313 4080 chyr-
331 4016 356 4080 b,
374 4017 442 4067 ohir·
460 4018 471 4066 ἰ
556 4015 608 4070 469
626 4020 759 4073 descensus
778 4023 788 4072 t

324 4221 376 4275 436
394 4225 428 4290 cf.
442 4226 522 4290 prim.
535 4228 593 4278 303.
700 4225 751 4278 439
769 4230 802 4346 cp.
823 4227 912 4293 Sap]
929 4229 944 4291 §
959 4235 979 4290 1,
994 4231 1072 4296 prim.
1086 4234 1144 4282 469.
1253 4226 1306 4280 440
1323 4247 1375 4295 per

240 4290 654 4361 Liudpordam(cf.c.30ltaqq.).
744 4294 779 4347 46
814 4299 997 4363 opprimet?
