2970 4890
566 307 828 366 flaonsvlnflcc
847 307 976 364 OPERA.

309 484 423 550 Fletus
445 489 542 568 atque
565 480 755 568 resurgendi
778 482 818 548 de
841 483 976 567 pulvere
999 483 1089 567 pleni

309 570 461 656 Corporis
482 570 516 633 in
537 569 672 651 tumulo,
695 568 784 655 quod
804 589 889 634 5555555
911 569 970 633 aab
994 569 1138 653 tegmine
1162 568 1242 637 duro
1276 585 1336 639 (555)

307 657 406 722 quta
426 661 574 720 natarum
596 655 770 742 requiescit
789 654 887 720 busta
908 674 1050 722 auarum.

351 741 422 808 Nec
445 740 615 820 chrisma,
638 743 704 806 auia
726 761 811 828 quae
833 742 904 807 5515
925 741 1081 805 remansit
1102 742 1248 825 alumnia,

309 830 381 895 Iam
402 834 478 893 tunc
500 828 648 893 instantio
670 827 801 913 grandia
824 826 962 892 dulcedo
986 826 1115 908 doloris,

309 916 387 981 Plua
409 935 507 1001 quam
527 913 578 978 bia
599 921 709 979 ternos
731 920 806 999 poet
827 919 965 978 matrem
988 914 1117 979 vixerat
1139 933 1250 993 5555555,

311 1001 379 1067 Sed
400 1000 540 1066 reddens
562 1001 713 1082 animam,
734 1001 858 1065 factore
881 1005 1030 1082 vocante,
1052 1000 1195 1082 beatam,
1280 1016 1340 1068 (555)

307 1088 456 1173 Iungitur
475 1087 510 1151 in
531 1087 611 1151 lucia
632 1087 739 1172 patria
759 1087 913 1172 pacisque
937 1088 1088 1170 perennio

309 1174 388 1239 Itius
410 1173 583 1258 germania,
606 1193 742 1259 quarum
764 1171 909 1273 pollebat
930 1172 1061 1237 honoria

308 1260 417 1326 Heres
439 1265 473 1324 et
494 1264 626 1324 sanctae
649 1264 804 1324 aeetatrrx
825 1259 935 1324 inclita
957 1259 1054 1323 vitae.

310 1347 399 1421 Quae
421 1346 516 1411 matri
538 1350 669 1410 cunctae
690 1345 723 1408 in
746 1345 838 1410 caelo
861 1345 1072 1426 consociatae,

308 1433 406 1498 Alme
428 1437 532 1518 pater,
554 1437 662 1496 tecum
684 1438 815 1517 praesta
837 1432 981 1516 gaudere
1004 1451 1064 1515 per
1087 1452 1215 1514 aevum,
1281 1451 1340 1503 (555)

307 1519 398 1585 Illiua
421 1524 455 1583 et
476 1517 569 1602 regni
589 1517 742 1582 mercede
763 1517 949 1603 perenniter
969 1519 1027 1594 uti,

310 1605 408 1680 Quod
428 1609 515 1669 retro
539 1609 654 1670 cuneta
675 1604 740 1669 tuia
762 1605 898 1669 servasti
920 1604 1051 1669 55555515
1073 1605 1166 1687 caria,

309 1691 392 1775 Quo,
414 1696 448 1756 te
470 1710 544 1755 cum
565 1696 642 1756 nato
663 1711 790 1755 necnon
812 1710 885 1755 cnm
906 1690 1036 1755 flamine
1059 1710 1150 1755 sacro

312 1777 423 1844 Solum
446 1782 606 1842 rectorem
629 1778 823 1842 caelestibus
845 1776 1086 1862 imperitantem

309 1863 432 1928 Dulcee
453 1864 598 1928 laetitiae
619 1861 790 1929 laudantes
812 1881 893 1928 voce
916 1862 1075 1928 iocundae
1281 1881 1303 1928 (5
1330 1880 1340 1932 )

160 2139 168 2150 ‘
288 2140 339 2195 589
374 2158 402 2195 er
418 2158 478 2195 enm
495 2143 524 2195 151
601 2139 653 2194 590
669 2142 743 2193 Illina
760 2149 786 2194 et
803 2141 878 2208 regni
894 2140 1000 2206 scripti:
1018 2140 1092 2192 Illius
1109 2142 1172 2192 boni
1190 2141 1219 2193 151
1237 2139 1338 2204 (1111555-

202 2228 252 2278 que
270 2213 332 2265 boni
391 2213 396 2225 '
434 2213 440 2224 ‘
450 2211 480 2278 ),·
496 2214 532 2279 ef.
550 2211 642 2263 Maca
656 2214 755 2275 atam
772 2213 866 2274 venite,
884 2211 1013 2262 benedieti
1031 2211 1112 2276 patria
1130 2210 1191 2275 mei,
1209 2212 1338 2276 possidete

201 2290 321 2347 paratum
339 2282 413 2335 tobia
429 2298 539 2350 regnum
555 2297 572 2334 a
588 2281 771 2332 constitutione
787 2280 878 2332 mundi
945 2288 1003 2344 poet
1021 2296 1045 2330 c.
1058 2276 1110 2330 594
1128 2296 1230 2330 55555555
1238 2281 1338 2344 periere

201 2351 308 2471 {citabat
312 2352 369 2414 Quo
387 2357 413 2404 tc
431 2389 437 2403 .
456 2389 463 2404 .
481 2350 558 2403 Dulci
579 2348 639 2414 (1555
654 2351 717 2416 sort.
735 2349 813 2414 recte)
835 2349 948 2401 laetitiae
969 2348 1104 2400 laudemus
1122 2364 1185 2400 voco
1210 2349 1338 2401 iocundae

287 2589 399 2657 592aqq.
418 2593 453 2658 cf.
472 2591 659 2655 1155260595.
