2970 4890
704 632 766 697 111.

275 751 306 817 Ο
320 752 383 912 pie
405 753 570 834 lucisator,
593 752 705 818 mundi
726 774 900 840 rerumque
924 761 1065 856 parator,

350 839 383 902 ui
406 840 531 904 caelum
553 840 660 925 pingis
683 839 842 906 sideribus
865 841 971 924 vanis,

275 924 372 991 Solus
395 931 429 990 et
450 925 610 1011 astrigera
631 946 772 1013 regnans
796 927 970 992 dominaris
992 928 1026 992 in
1049 929 1133 1012 aula,
1226 928 1229 935 '

317 1011 457 1077 Numine
480 1020 595 1077 cuncta
617 1019 731 1078 tenens
754 1014 956 1115 imperioque
978 1035 1114 1100 regens;

276 1098 338 1175 Tu,
361 1099 415 1185 qui
437 1119 496 1184 per
518 1099 684 1186 proprium
706 1101 811 1164 fecisti
834 1102 964 1166 saecula
985 1108 1096 1167 natum

320 1185 364 1249 Et
384 1206 493 1250 rerum
515 1186 633 1251 trinam
658 1207 701 1250 ex
722 1186 823 1251 nihilo
846 1188 1038 1269 machinam,

278 1270 406 1358 Quique
430 1272 631 1359 protoplasto
656 1272 696 1337 de
720 1279 807 1337 terra
829 1274 890 1338 rite
914 1281 1023 1340 creato

319 1358 392 1423 Oris
414 1358 512 1424 divini
532 1366 664 1424 nectere
686 1381 806 1445 nempe
829 1360 876 1424 tui

276 1443 396 1509 Sensus
418 1446 551 1511 vitalem
573 1447 708 1510 sufflasti
730 1447 815 1511 forte
838 1447 1007 1532 liquorem,

322 1532 366 1596 Ut
387 1533 487 1597 finum
511 1532 603 1618 digiti
626 1539 714 1598 esset
735 1554 817 1619 opus
838 1535 975 1618 proprii:

275 1618 327 1683 Tu
349 1618 482 1705 dignare
506 1625 581 1683 tuae
603 1619 800 1706 perfundere
823 1620 921 1685 corda
943 1620 1094 1686 famellae

318 1705 530 1771 Hrotsritbae
552 1726 626 1770 rore
649 1707 690 1770 tis
713 1707 766 1792 pie
789 1707 959 1792 gratiolae,

276 1789 427 1856 Carmine
473 1813 515 1856 uo
539 1798 670 1878 compto
691 1793 820 1858 soleam
841 1793 896 1880 pia
916 1813 1063 1894 pangere
1086 1792 1172 1856 lacta

319 1877 428 1943 Sancti
452 1813 605 1963 liongolfi
627 1881 777 1965 martyris
801 1879 926 1965 egregii

277 1964 321 2029 Et
341 1965 474 2029 laudare
499 1971 588 2029 tuum
611 1986 740 2051 semper
762 1986 881 2030 nomen
903 1964 1122 2045 benedictum,

317 2049 379 2122 Qui
400 2057 475 2137 post
496 2051 584 2115 bella
606 2053 669 2116 tuis
691 2058 784 2137 grata
806 2051 898 2116 dabis
919 2051 1047 2116 famulis
1295 2052 1411 2120 stt-²⁶*

274 2136 423 2202 Praemia
444 2144 623 2224 perpetuae
646 2139 735 2202 tenui
757 2159 817 2224 pro
840 2139 973 2203 vulnere
995 2139 1092 2218 vitae,

317 2222 475 2289 Mandane
496 2225 530 2288 in
551 2245 652 2310 regno
675 2226 784 2290 vivere
807 2225 946 2290 lucifluo.

307 2548 464 2615 PASSIO
489 2548 651 2615 SANOTI
674 2550 905 2617 GONGOLFI
927 2549 1154 2616 MARTIRIS.

275 2669 435 2756 Tempore
460 2691 523 2755 qno
545 2672 638 2755 regni
660 2672 761 2755 gessit
782 2671 939 2758 Pippinus
961 2671 1014 2734 eoi

322 2756 520 2822 Francorum
544 2764 673 2842 sceptra
694 2758 786 2907 soffia
807 2779 866 2844 pro
914 2778 1009 2842 opuo

276 2842 350 2906 lure
374 2864 414 2908 ue
437 2844 608 2929 magnifico
632 2846 718 2908 rexit
769 2866 873 2930 nrgrm
898 2846 928 2908 'a
950 2863 1061 2928 regna,

318 2865 486 2995 Sulrieotos
508 2931 607 2994 frenis
631 2932 691 2994 rite
715 2929 877 2995 domando
901 2930 976 3009 suis,

276 3016 434 3081 Famosns
457 3018 582 3080 iuvenis
604 3018 742 3082 nutritur
763 3018 910 3103 partibus
932 3017 1004 3096 illis,

315 3102 422 3167 Armis
468 3102 662 3185 raesalidus,
686 3125 821 3190 corpore
845 3104 1045 3189 conspicuus,

274 3188 411 3255 Nomine
435 3124 617 3275 gingulfuq
640 3211 765 3255 morum
788 3190 952 3276 probitate
975 3194 1144 3255 venustus:

316 3275 473 3341 Omnibus
495 3277 664 3341 hincarus
687 3278 796 3342 extitit
820 3284 854 3342 et
876 3277 1031 3364 placidus.

274 3361 369 3426 Illum
390 3383 509 3449 nempe
532 3364 640 3427 lemnt
663 3370 768 3428 ortum
792 3364 832 3428 de
855 3365 1001 3448 germine
1024 3383 1136 3447 regum

316 3448 540 3535 Regalemque
564 3451 629 3514 suis
652 3451 795 3516 moribus
819 3452 968 3535 egregiis.

273 3534 377 3619 Ipsius
400 3557 418 3600 e
440 3537 552 3600 matris
574 3538 700 3622 gremio
723 3561 737 3602 s
762 3559 797 3602 es
820 3536 942 3623 pendet
964 3537 997 3600 in
1019 3536 1084 3616 illo,

162 3645 190 3685 ro
321 3621 383 3694 Qui
404 3623 505 3688 verbo
528 3631 643 3687 cunata
666 3559 809 3688 conlidit
831 3645 875 3688 ex
896 3624 1007 3706 nihilo,

254 3849 413 3899 Gonoessus.
461 3846 478 3899 4
506 3849 617 3899 Numine
644 3849 680 3899 sio
707 3848 740 3898 M
742 3867 751 3909 ,·
779 3849 813 3915 cs.
840 3846 912 3899 Mar.
936 3851 984 3900 865
1101 3847 1118 3899 b
1145 3849 1241 3900 lecistis
1268 3847 1301 3898 Μ

163 3914 202 3967 ‘20
219 3917 274 3981 regi
292 3915 334 3964 Μ1
420 3915 454 3969 25
472 3919 609 3984 gingullus
627 3918 662 3968 sie
681 3918 757 3969 sarad
775 3917 809 3967 M

253 4122 412 4174 Gonoourns.
458 4123 528 4192 les.
551 4126 632 4192 Gonq.
643 4129 679 4177 91.
780 4122 1057 4190 5ofi10l1.ee.l,3.
1155 4123 1171 4174 6
1190 4125 1225 4191 of.
1243 4122 1297 4173 ind.

165 4198 240 4240 metr.
258 4198 283 4240 et
299 4189 380 4241 Pru&
398 4193 464 4246 cotti.
483 4199 557 4257 9,14.
664 4191 741 4259 lsqq.
767 4194 801 4259 cf.
822 4209 880 4259 gest.
898 4197 922 4255 2,
937 4198 957 4243 7.
1066 4192 1097 4243 11
1116 4194 1151 4259 cf.
1171 4192 1242 4242 Mor.
1255 4193 1296 4242 38.

166 4257 202 4310 13
223 4259 313 4324 θῑιθὺί
336 4261 368 4326 cf.
384 4260 456 4330 Verp.
472 4263 666 4330 geor9.11386
687 4263 805 4314 versibus
828 4263 972 4328 incomptis.
1060 4260 1093 4313 19
1102 4277 1154 4327 sqq.
1176 4263 1211 4327 os.
1232 4261 1297 4310 vitoe

166 4345 187 4378 r.
208 4327 353 4394 ommes·
370 4329 413 4393 (A.
427 4332 454 4385 S.
475 4333 541 4385 Mai.
560 4341 618 4384 tom.
631 4332 668 4382 II
679 4350 706 4399 p.
721 4330 844 4396 643rqq.)
863 4348 883 4381 o.
897 4337 919 4395 1,
926 4337 951 4381 4.
1039 4328 1073 4383 20
1090 4331 1125 4397 cf.
1141 4339 1202 4397 pert.
1220 4333 1245 4380 8.

1110 4414 1142 4467 3ἰ
