2978 4898
245 359 295 414 172
601 356 862 414 nnousvluulu
881 357 1009 414 OPERA.

149 485 225 612 'Md‘
328 531 434 597 Tnms.
473 529 660 605 Conuenite,
683 531 910 616 properamini,
924 530 929 616 Ι
941 551 1081 616 nequam
1096 538 1256 598 amatores
1270 536 1345 599 mei.
1365 535 1368 620 Ι

328 637 497 684 onerosus.
540 616 617 681 Vox
643 616 775 681 Thaidis
795 617 799 701 Ι
818 638 877 681 nos
893 619 1046 684 vocantis.
1066 618 1071 703 Ι
1092 618 1276 685 Adventum
1297 641 1370 686 ma-

244 711 396 783 turemus,
416 703 422 788 Ι
441 724 481 768 ne
503 704 592 768 illam
614 702 771 767 tardando
795 703 1003 769 offendamus.
1024 708 1029 784 Ι

329 791 437 855 Tnsrs.
469 789 670 870 decolarata,
688 788 692 874 Ι
709 788 863 870 accedite,
883 791 888 874 Ι
908 796 944 854 ut
958 811 1074 876 queam
1089 791 1254 856 vobiscum
1268 793 1371 857 verba

242 896 387 942 mrsoore.
1399 898 1412 937 s

198 963 218 1024 2
326 877 494 1028 turbans.
539 959 694 1040 OThais,
716 960 824 1044 Thais,
843 964 849 1041 Ι
869 961 945 1048 quid
967 963 1028 1027 sibi
1052 963 1121 1027 vult
1142 983 1249 1048 rogus,
1273 983 1370 1049 quem

244 1051 417 1114 construis?
436 1046 443 1132 Ι
463 1047 527 1112 Cur
555 1048 768 1132 pretiosarum
792 1050 797 1130 Ι
823 1049 1014 1113 rametatem
1045 1048 1225 1113 divitiarum
1249 1061 1254 1133 Ι
1278 1052 1371 1115 iuxta

242 1155 356 1221 rogum
378 1135 543 1220 congeris?
563 1141 568 1211 Ι

328 1221 434 1286 Tuus.
478 1218 660 1303 Rogatiall

328 1327 495 1372 auaronss.
540 1303 745 1368 Admiramur
767 1306 879 1385 satis!
1387 1323 1413 1362 ιο

329 1393 435 1457 Turis.
479 1390 650 1540 Exppnam
674 1391 800 1470 citius!

328 1499 495 1543 rumonus.
576 1497 613 1540 oc
637 1478 818 1562 optamus}

198 1564 217 1623 3
327 1562 434 1629 Tuus.
478 1563 658 1649 Aspicite}

328 1671 497 1717 turonus.
541 1648 689 1730 Quiesce,
712 1649 852 1734 quiesce,
872 1651 877 1729 Ι
897 1647 1005 1712 Thais.
1024 1647 1031 1732 Ι
1051 1647 1136 1722 Quid
1159 1649 1250 1735 agis?
1269 1651 1274 1734 Ι
1292 1672 1370 1716 num

240 1737 379 1801 insanis?
1389 1754 1413 1794 ιι

327 1740 435 1887 Tude.
478 1820 552 1885 Non
572 1819 706 1899 insanio,
726 1819 731 1899 Ι
750 1818 809 1884 sed
831 1839 943 1883 sanum
966 1820 1066 1904 sapio.
1087 1821 1092 1902 Ι

327 1928 497 1973 marones.
550 1905 595 1970 Ut
617 1904 694 1991 quid
715 1904 796 1970 haec
818 1905 956 1990 perditio
972 1905 1275 1991 quadringentarum
1298 1910 1369 1974 auri
1385 1915 1435 1983 fot.
1449 1918 1487 1968 114

242 1995 394 2060 librarum
414 1997 419 2074 Ι
439 2014 510 2058 cum
533 1992 667 2056 aliamm
691 1990 877 2056 diversitate
900 1998 1072 2077 gazarum?
1092 1997 1096 2074 Ι

327 2080 435 2145 Tura.
479 2079 593 2155 Omne,
616 2076 702 2162 qnod
727 2079 843 2141 iniuste
866 2099 886 2142 a
907 2078 999 2142 vobis
1021 2080 1152 2159 extorsi,
1172 2079 1177 2163 Ι
1196 2081 1271 2164 igne
1294 2081 1369 2145 volo

243 2166 387 2249 creniari,
411 2173 416 2242 Ι
439 2185 480 2229 ne
510 2165 592 2228 ullus
622 2164 723 2227 lomes
751 2164 842 2228 robis
871 2164 1070 2249 relinquatur
1099 2165 1261 2251 sperandi,
1284 2167 1290 2249 Ι
1315 2187 1367 2232 me
1387 2191 1413 2232 ro

241 2253 327 2318 ultra
348 2259 454 2316 restro
478 2251 578 2315 amori
600 2248 745 2314 cedendi.
766 2252 771 2330 Ι
1113 2252 1115 2255 ’

196 2334 215 2393 4
326 2358 495 2403 auarouss.
551 2336 696 2401 Subsiste
730 2335 910 2422 paulisper,
945 2336 1082 2401 subsiste
1107 2339 1112 2416 Ι
1137 2344 1171 2402 et
1199 2339 1369 2403 materiam

241 2432 317 2490 tuae
364 2420 766 2507 erturbationisdetage.1
827 2449 829 2454 ·

92 2525 223 2589 maso.
266 2590 268 2595 Δ
356 2531 435 2576 mss.
478 2509 552 2574 Non
574 2509 711 2573 subsisto
725 2507 729 2594 Ι
743 2527 803 2571 neo
818 2526 999 2571 samonem
1022 2509 1187 2573 vobiscum
1202 2510 1367 2597 confero!

326 2617 494 2662 suaronss.
551 2594 617 2659 (tur
638 2592 843 2679 dedignando
866 2614 924 2657 nos
947 2593 1090 2660 fastidis?
1111 2605 1115 2671 Ι
1134 2617 1211 2659 num
1234 2598 1367 2662 alicuius
1385 2617 1412 2658 ss

240 2681 437 2748 infidelitatis
452 2703 510 2747 nos
525 2682 651 2766 arguis?
666 2681 670 2766 Ι
683 2701 790 2745 nonne
806 2700 935 2765 semper
945 2681 1156 2746 satisfecimus
1171 2682 1234 2747 tuis
1245 2685 1347 2748 rotis?
1363 2689 1366 2770 Ι

242 2776 276 2835 et
298 2774 332 2833 tu
354 2770 462 2855 iniquo
486 2767 559 2832 odio
582 2788 641 2831 nos
664 2768 763 2852 gratis
784 2766 959 2830 insectaris.
979 2767 983 2850 Ι

327 2855 435 2921 Turis.
474 2854 651 2927 Dimittite;
669 2856 672 2938 Ι
689 2853 789 2917 nolite
805 2859 929 2916 vestem
945 2873 1051 2917 meam
1067 2852 1268 2918 adtrahendo
1285 2855 1367 2919 scin-

242 2941 331 3006 dere.
352 2943 357 3021 Ι
377 2941 425 3005 Sit
447 2941 539 3021 satis,
563 2939 650 3025 quod
671 2939 733 3004 hoc
754 2959 856 3024 usque
878 2938 1043 3024 peccando
1065 2940 1157 3004 vobis
1180 2942 1342 3005 consensi:
1361 2940 1366 3026 Ι

242 3029 314 3092 finis
336 3028 435 3091 instat
456 3024 612 3112 peccandi
632 3029 636 3104 Ι
657 3031 849 3110 tempusque
871 3026 972 3089 nostri
994 3024 1127 3092 discidii.
1147 3029 1152 3108 Ι
1386 3045 1416 3085 ao

194 3110 213 3168 5
325 3133 494 3177 nuaronss.
541 3111 611 3186 Quo
634 3111 786 3186 tenditlt

328 3197 435 3263 Tuus.
480 3197 545 3261 Ubi
566 3217 661 3261 nemo
685 3202 826 3260 restrum
849 3196 984 3279 posthac
1006 3217 1058 3260 me
1080 3197 1214 3263 ridebit.
1235 3197 1240 3271 Ι

328 3299 497 3348 uuaronss.
550 3283 677 3368 Papae!
725 3281 810 3356 Quid
831 3281 894 3345 hoo
917 3284 1050 3347 monstri
1072 3291 1136 3365 est,
1160 3283 1247 3369 quod
1268 3285 1369 3348 nostri

243 3368 384 3447 delicias,
407 3369 516 3448 Thais,
540 3389 622 3453 qnae
645 3367 762 3432 divitiis
778 3369 911 3433 effluere
928 3389 1057 3454 semper
1071 3371 1239 3450 laboravit,
1259 3369 1264 3452 Ι
1284 3390 1367 3455 quae

241 3461 383 3519 mentem
399 3475 419 3517 a
434 3454 566 3518 lascivia
587 3474 761 3538 numquam
780 3456 916 3518 retraxit
936 3455 940 3538 Ι
961 3461 994 3519 et
1016 3476 1051 3519 se
1067 3458 1224 3541 voluptati
1239 3457 1368 3542 penitus
1386 3473 1412 3513 ss

241 3540 340 3615 dedit,
357 3539 360 3625 Ι
373 3547 464 3605 tanta
486 3542 555 3604 auri
570 3561 833 3626 gemmarumque
849 3542 985 3626 insignia
1001 3543 1123 3627 absque
1139 3544 1367 3607 retractatione

240 3625 382 3711 perdidit
401 3631 406 3707 Ι
426 3633 460 3691 et
476 3647 535 3691 nos
550 3628 599 3691 sui
614 3627 795 3692 amasiones
812 3626 1015 3712 dedignando
1032 3629 1153 3715 sprevit
1171 3632 1176 3711 Ι
1196 3629 1367 3713 subitoque
1431 3669 1436 3681 ·

240 3733 305 3776 non
327 3714 526 3798 comparuit?
547 3717 552 3794 Ι

327 4004 361 4057 25
378 4004 434 4074 nos]
451 4012 471 4058 n
491 4007 520 4058 Μ
588 4005 622 4059 34
639 4009 742 4060 delicias
759 4010 795 4061 εἰσ
810 4009 841 4059 M
843 4028 853 4071 ,·
870 4010 921 4060 Ην.
940 4010 1044 4075 decepta
1060 4010 1160 4062 videtw
1177 4009 1291 4074 &amplo
1307 4007 1369 4060 Ver-

237 4075 613 4197 ᾔῗᾶἐοζξὶὼίἰοέθίᾞιῗυω
637 4085 723 4145 pastor
744 4079 862 4145 Corydon
884 4080 989 4130 ardebat
1011 4081 1117 4144 Alexin,
1141 4079 1248 4129 delicias
1271 4078 1369 4128 domini

242 4330 275 4383 37
293 4261 703 4401 οῄῖἕζνὲιιὲσὲόώῐηδὲλ
773 4263 807 4317 15
819 4266 852 4333 of.
865 4264 942 4317 Dolo.
955 4268 1046 4332 1,3rq.
1115 4262 1149 4316 33
1166 4267 1201 4332 cf.
1214 4266 1369 4328 ΔΝΜ,
