2970 4890
614 331 790 387 Prooemium
1242 336 1267 386 V

127 503 205 569 sime
215 505 352 586 planior
373 508 428 580 est,
451 506 679 584 ceterarumque
701 507 766 568 tam
780 504 987 569 mutationum
1001 525 1096 603 quam
1110 507 1267 603 corrupte·

128 590 236 655 larum
259 589 434 675 sarraaine
459 590 590 664 abiecta,
623 610 659 653 ca
689 594 812 656 tantum
842 591 1087 669 conmemorant,
1120 610 1200 672 quac
1230 591 1267 661 in

130 677 298 760 archetypo
319 680 455 741 correcta
477 675 628 760 erant⁴⁶)

220 777 361 844 Calicem
405 775 733 862 Pommersfelelensem
782 780 925 842 comitum
967 778 1308 854 Senoaborniorump

132 885 163 928 n.
178 866 318 944 288347)
344 864 553 928 Theodericus
571 864 789 930 (trasmundus
811 865 927 944 iunim,
949 867 1038 930 auius
1059 866 1096 928 in
1117 866 1266 946 recipien-

132 951 183 1016 elis
197 950 381 1030 corruptelis
403 952 486 1014 mira
506 950 571 1031 fuit
582 952 784 1031 peruersitas,
806 972 837 1016 a.
854 953 937 1014 1494
959 951 1046 1032 apocal
1062 951 1266 1016 Tritbcmium

133 1043 275 1101 comeus
296 1059 336 1102 ea
357 1056 381 1101 s.
404 1037 628 1100 Emmerammi
650 1037 749 1101 codiee
770 1037 993 1120 descripsit⁴⁸).
1038 1037 1166 1102 Constat
1188 1038 1267 1103 liber

135 1128 282 1204 quattuor
304 1143 343 1187 ea
360 1123 508 1204 partibus
530 1144 610 1205 quae
631 1143 717 1187 nunc
736 1124 784 1186 ita
804 1123 888 1186 inter
909 1143 941 1187 se
962 1125 1137 1204 excipiunt:

220 1230 250 1292 1.
282 1230 369 1308 aesta
400 1224 535 1304 Ottom's,
569 1230 598 1290 et
629 1227 670 1292 de
703 1228 912 1292 conversione
942 1227 1107 1293 Saxonum
1136 1249 1266 1294 aermon

287 1311 519 1398 concisum⁴⁹);

219 1401 251 1464 2.
285 1399 449 1477 dramata

221 1488 251 1548 3.
284 1487 365 1548 vitae
386 1490 582 1564 sanctorum,-

220 1575 251 1634 4.
285 1571 444 1636 Aldluelmi
466 1570 576 1636 laudes
596 1569 756 1653 circinum
777 1571 882 1652 (prol,
904 1592 931 1635 a.
950 1569 1131 1657 1-2404).

141 1671 265 1738 Contuli
279 1678 396 1738 aestate
411 1696 443 1738 a.
454 1676 557 1752 189&
573 1675 715 1738 lectiones
729 1674 1011 1738 comacemoramlas
1025 1675 1130 1739 malem
1144 1675 1267 1740 ratione

137 1759 220 1842 alepi,
241 1781 305 1840 qua
326 1761 362 1824 in
385 1759 565 1843 apoprapbo
587 1760 829 1841 Alelerspacensi
849 1780 926 1824 usus
947 1780 1025 1826 sum.

224 1862 347 1928 Codicis
360 1863 579 1928 Berolinensis
601 1863 689 1928 theol.
706 1863 760 1927 tat.
777 1863 811 1927 F
822 1884 854 1927 n.
866 1864 930 1928 265
952 1865 1077 1928 omnino
1093 1885 1157 1930 non
1171 1863 1270 1930 habui

138 1950 297 2026 rationem,
319 1969 387 2013 cum
407 1950 462 2014 ille
482 1970 522 2014 ex
548 1948 643 2014 Celtis
664 1949 796 2013 editione
818 1950 990 2031 detemptus
1010 1950 1114 2036 sit⁵⁰).

225 2136 385 2202 Carminis
399 2138 437 2202 de
452 2138 587 2202 coenobii
604 2137 885 2202 Gandesbemensis
899 2139 1124 2204 constmectione
1138 2139 1268 2205 codicem

138 2224 205 2287 sinc
230 2223 324 2288 dnbio
344 2225 510 2307 antiquum
531 2224 675 2309 Bodo⁵¹)
702 2244 781 2290 saec.
798 2223 889 2289 XVI
912 2225 1011 2290 aredio
1036 2226 1080 2290 aal
1103 2231 1269 2311 syntaama

138 2328 226 2373 suum
259 2310 407 2388 adscivit;
440 2331 529 2392 quem
564 2312 750 2374 monasterio
788 2311 918 2376 Clusino
948 2312 1070 2377 sublato
1107 2313 1143 2375 in
1170 2313 1269 2379 West-

134 2393 252 2480 saliam
265 2396 407 2461 ablatum
421 2416 485 2461 csse
499 2397 568 2460 ieleo
581 2397 710 2460 coniecit
723 2397 849 2477 Koeplee
859 2398 905 2462 II
919 2418 952 2477 p.
964 2403 1014 2476 16,
1036 2399 1119 2479 quod
1139 2418 1170 2464 a.
1183 2400 1268 2462 1693

138 2483 173 2545 in
187 2482 229 2548 N.
244 2482 395 2548 Salaterai
417 2502 441 2548 s.
458 2484 488 2547 I.
507 2484 675 2548 annalium
692 2482 998 2548 Paderbornensium
1015 2504 1104 2565 opere
1113 2487 1267 2565 postumo,
1288 2501 1305 2547 s

139 2571 207 2633 tom.
219 2569 244 2633 I
250 2589 284 2649 p.
297 2572 369 2646 128,
391 2590 418 2634 u.
434 2569 540 2632 6-23
554 2569 631 2633 editi
645 2574 729 2634 sunt.
763 2570 828 2634 Res
841 2571 962 2634 incerta
977 2575 1037 2649 est;
1058 2590 1134 2635 nam
1142 2574 1269 2651 poterat

136 2654 221 2734 fieri,
246 2663 283 2718 nt
303 2655 369 2719 iam
390 2654 564 2720 Sabatenus
592 2655 860 2722 Gandesbemensi
881 2655 979 2720 codice
1000 2660 1152 2735 utemtm,
1179 2677 1269 2739 quem

225 2741 231 2753 ⁸
270 2741 275 2754 ¹
414 2742 421 2754 '
458 2742 465 2753 ⁰
495 2741 526 2754 '¹
711 2742 731 2802 't
1035 2743 1065 2782 bl

135 2742 426 2908 bbb'lalbbl
448 2741 796 2910 {bttttttttlat
804 2741 1125 2893 alilsslllsla
1139 2743 1270 2908 tlt}
1290 2825 1303 2890 ι

138 2917 167 2976 ct
186 2914 387 3013 apoprapbon
410 2913 718 2977 Haunooeranum
704 2934 740 2977 m
761 2933 853 2978 usum
874 2914 1001 2979 Leibnit
989 2914 1104 3000 tiisac
1104 2919 1185 2992 tum,
1208 2912 1312 2997 quob

139 2998 192 3063 ille
213 3004 242 3064 et
256 2998 332 3064 Pert
319 3001 401 3064 tetus
422 3001 474 3063 nsi
495 3004 578 3064 sunt.
615 3000 723 3080 Neque
744 3021 815 3065 ocra
836 3001 924 3065 ullus
943 3000 1033 3064 boare
1054 3001 1148 3066 cadca
1161 3020 1271 3081 super-

139 3088 201 3164 est;
221 3085 282 3163 sea,
306 3089 342 3150 ut
363 3086 401 3149 cle
422 3084 552 3150 Badonc
573 3089 602 3150 et
615 3086 792 3151 Belrrensio
813 3091 938 3162 taceam,
961 3087 1019 3152 bac
1040 3092 1149 3152 nostra
1170 3092 1271 3153 aetate

140 3169 199 3234 duo
220 3172 336 3237 codims
355 3173 500 3254 quamuis
513 3176 648 3236 recentes
662 3173 861 3237 delituerunt.
900 3173 984 3237 Nam
1000 3173 1271 3239 Hannoveranum

144 3257 279 3336 codicem,
302 3279 390 3340 auem
417 3256 457 3322 G.
473 3256 518 3321 Η.
535 3258 630 3322 Perta
651 3280 680 3322 a.
697 3262 782 3322 1841
804 3257 850 3323 ‘in
873 3259 1053 3326 bibliotheca
1073 3261 1161 3342 repta
1175 3259 1271 3324 Han·

141 3361 298 3409 nouerana
312 3342 530 3430 seroabat'⁵³),
545 3345 667 3410 a.1895
678 3344 808 3428 frustra
823 3364 937 3408 mecum
951 3346 1104 3427 quaesiuit
1117 3344 1270 3411 11130014-

140 3450 244 3508 mann,
260 3434 354 3512 atque
368 3433 462 3495 etiam
478 3432 578 3495 omnis
592 3431 660 3495 eius
674 3434 823 3496 memoria
838 3431 1046 3496 Hannoverae
1055 3432 1185 3512 penitus
1199 3436 1271 3497 erat

140 3517 344 3595 eatincta⁵⁴);
365 3537 464 3599 neque
478 3518 579 3600 niaais
598 3515 829 3599 Ooburaensem
851 3538 940 3599 quem
962 3540 991 3582 a
1003 3521 1088 3581 1841
1109 3519 1270 3582 incentum

139 3604 270 3667 carmini
264 3604 468 3686 'corripendo
477 3603 593 3689 profut
592 3624 685 3667 urum
704 3603 788 3668 elicit
812 3604 851 3669 G.
871 3604 983 3683 Waltz,
1002 3604 1052 3670 W.
1066 3604 1271 3671 Watteubacb

132 3693 241 3768 postea
261 3692 398 3771 repperit
409 3689 461 3776 ⁵⁵)
490 3695 562 3769 aut,
589 3691 645 3771 qui
669 3709 770 3770 nuper
797 3711 866 3754 eum
888 3710 956 3755 maa
974 3690 1116 3774 pratia
1104 3710 1138 3754 m
1161 3690 1270 3756 biblio-

139 3773 231 3840 tbeeis
256 3780 322 3840 tam
348 3775 538 3858 Coburpensi
567 3796 662 3857 quam
688 3776 835 3840 Gotlana
857 3779 1088 3858 quaesiverunt,
1116 3775 1155 3841 P.
1171 3777 1269 3842 Koet-

139 3861 231 3926 saban
262 3866 293 3926 et
279 3861 351 3927 t.L
371 3862 504 3926 Traube.
549 3861 761 3944 Harenberpii
786 3882 857 3926 aero
879 3865 1094 3945 manuscripta
1121 3862 1181 3927 cluo
1207 3883 1272 3929 non

135 3949 309 4027 parterm,
331 3948 387 4013 sed
408 3949 534 4012 manino
554 3949 671 4030 ficticia
692 3953 767 4012 sunt
779 3945 831 4033 ³⁶).
