2970 4890
472 426 477 443 Ι
606 345 619 398 I
637 346 662 400 6.
681 343 809 399 Basdius.

240 519 307 584 Pro
330 538 384 583 me
407 538 480 583 cum
502 537 601 583 saevo
624 537 750 583 necnon
772 523 924 604 serpente
948 520 1104 605 maligno:

241 604 348 679 Quem
370 610 406 669 tu
427 604 531 669 vicisti
554 605 660 669 subito
683 605 801 669 virtute
824 605 985 691 snpema.'

284 691 427 757 Auribus
449 691 581 756 intentis
603 697 639 754 ut
661 692 761 755 sensit
782 691 884 756 verba
905 692 1067 778 loquentis

241 777 398 856 Antistes,
422 776 552 842 laudem
576 776 696 842 Christi
718 778 834 842 cecinit
856 779 981 864 pietati,

243 864 461 949 Extraxitque
484 864 555 928 loco
580 864 698 950 captivi
720 864 867 929 membra
889 866 1008 950 nigello

241 950 285 1015 Et
306 953 391 1017 locat
413 952 446 1015 in
468 951 599 1036 propria
621 951 724 1015 noctis
748 951 807 1015 sub
830 956 978 1038 tempore
1002 951 1093 1033 cella,

243 1036 334 1111 Quae
358 1038 418 1102 fuit
442 1038 600 1102 ecclesiae
625 1038 719 1101 lateri
742 1037 912 1102 coniuncta
933 1046 1093 1107 sacratae:

239 1124 310 1189 Illic
333 1130 367 1189 et
388 1124 521 1210 plebem
544 1125 636 1187 iussit
659 1124 745 1188 coire
767 1123 909 1206 fidelem,

240 1210 287 1274 Ut
308 1211 430 1297 pariter
453 1211 593 1297 preculis
616 1216 845 1296 pernoctarent
868 1210 1029 1291 studiosis,

243 1295 314 1370 Quo
337 1297 441 1362 bonus
467 1304 628 1361 errantem
652 1316 713 1381 per
734 1302 922 1361 consuetam
944 1297 1101 1382 pietatem

240 1383 358 1448 Pastor
380 1404 474 1448 ovem
498 1385 611 1447 turmis
633 1384 755 1469 proprii
778 1384 935 1447 iunxisset
957 1383 1059 1448 ovilis.

244 1468 342 1534 Ortus
366 1490 502 1555 cumque
526 1471 634 1555 nigras
656 1471 759 1534 noctis
782 1471 830 1534 sol
853 1469 978 1555 expulit
1000 1470 1140 1552 umbras,

241 1554 370 1620 Dextra
393 1556 550 1642 praedicti
574 1577 765 1641 comprensa
787 1558 917 1641 praesul
938 1555 1073 1621 homulli

243 1642 347 1707 Intrat
369 1644 402 1707 in
425 1643 606 1723 ecclesiam,
629 1663 738 1706 secum
762 1662 889 1727 quoque
914 1641 1052 1706 duxerat
1073 1644 1190 1729 ipsum.

283 1728 328 1793 Ut
349 1730 448 1794 limen
471 1729 569 1793 sacris
592 1729 699 1813 tetigit
720 1729 907 1792 venerabile
929 1729 1057 1814 plantis,
1267 1745 1317 1812 fot.
1330 1750 1382 1799 arv

241 1815 344 1880 Affuit
366 1815 489 1880 insidiis
511 1816 641 1879 latitans
664 1816 746 1879 olam
769 1814 908 1879 daemon
931 1817 1048 1880 amaris

241 1902 449 1988 Attraxitque
472 1902 575 1965 virum
597 1921 718 1985 magna
738 1901 770 1966 ri
793 1900 932 1987 denique
955 1922 1088 1980 sursum,

242 1988 331 2052 Illius
354 1994 486 2074 arrepta
508 1995 634 2052 secreta
658 1986 771 2051 fraude
794 1989 930 2052 sinistra.

240 2073 294 2138 Ad
318 2096 414 2161 quem
437 2075 585 2153 Basilius,
608 2074 684 2138 forti
704 2073 909 2140 mandamine
932 2074 1073 2138 iunctm:

241 2159 393 2247 ‘Inprobe
416 2161 477 2240 fur,
501 2162 588 2246 regis
611 2161 767 2225 facturam
790 2161 892 2226 redde
914 2161 1065 2247 perennis

242 2246 287 2311 Et
308 2248 393 2314 furto
416 2253 543 2333 raptam
565 2248 669 2311 rictus
693 2248 755 2312 oito
779 2247 893 2313 desere
916 2245 1100 2332 praedam?

244 2331 303 2398 Oui
325 2356 403 2399 mox
426 2335 603 2399 eommunis
626 2341 812 2398 cunctorum
836 2334 965 2398 dixerat
987 2333 1098 2416 hostis,

243 2420 409 2486 Perversis
431 2442 549 2485 vacuas
572 2421 709 2506 implens
732 2421 900 2485 latratibus
921 2440 1031 2483 auras:

241 2505 318 2572 ‘Cur
340 2509 461 2592 satagis
483 2508 649 2592 proprium
672 2507 818 2570 mihimet
839 2508 872 2570 ri
894 2507 1008 2570 tollere
1031 2526 1170 2592 servum,

242 2592 304 2666 Qui
327 2600 530 2679 sua-sponte
552 2594 634 2657 meis
657 2593 804 2658 submisit
826 2593 909 2657 colla
932 2592 1076 2657 catenis?

244 2678 375 2745 Certum
396 2687 557 2766 percerte,
579 2680 727 2744 mihimet
750 2700 846 2764 quam
868 2677 1010 2743 reddidit
1032 2680 1113 2765 ipse,

243 2766 403 2853 Tempore
426 2767 534 2832 iudicii
558 2765 685 2831 Christo
708 2765 895 2829 monstrabo
918 2763 1037 2828 futuri.³

244 2852 303 2918 Oui
326 2860 454 2918 sanctus
476 2874 584 2918 rursus
607 2852 766 2918 reddebat
787 2853 853 2916 tale
876 2871 1082 2935 responsum:

240 2939 355 3025 ‘Ipsius
378 2940 497 3005 Christi
519 2946 706 3026 praecepto,
730 2937 842 3003 iudicis
865 2937 970 3023 aequi,

240 3026 392 3092 Reddere
415 3027 573 3091 litterulas
596 3047 691 3112 spero
715 3032 748 3089 te
770 3025 915 3112 protinus
936 3021 1046 3109 ipsas?

240 3112 301 3177 His
322 3114 420 3197 igitur
443 3113 545 3193 dictis,
569 3114 672 3177 oravit
694 3112 788 3176 turba
810 3110 915 3176 fidelis

240 3199 457 3264 Altithronum
480 3200 619 3285 preculis
643 3199 760 3263 devoto
783 3204 916 3284 pectore
939 3196 1027 3277 timis,

240 3284 356 3350 Fidum
378 3293 544 3370 pastorem
567 3307 630 3371 quo
654 3285 850 3350 confortaret
872 3285 905 3349 in
925 3283 1063 3348 hostem.

241 3371 311 3436 Neo
334 3393 434 3455 mora,
459 3372 499 3436 de
523 3393 647 3436 summo
672 3371 787 3437 cecidit
809 3371 966 3456 scriptura
989 3368 1102 3435 dolosa

244 3459 330 3522 Ante
354 3458 456 3544 pedes
479 3460 581 3523 sancti
603 3480 728 3523 necnon
750 3458 888 3544 pastoris
911 3456 1050 3522 amandi.

282 3545 372 3610 Tune
398 3544 491 3631 plebs
514 3545 611 3609 eorde
634 3547 688 3631 pio
711 3543 857 3629 gaudens
881 3565 952 3608 cum
974 3541 1124 3629 praesule
1147 3540 1244 3626 digno

242 3631 367 3717 Sparsit
390 3631 471 3695 adns
494 3652 535 3696 ue
558 3633 668 3716 polum
691 3652 787 3696 voces
812 3652 884 3695 cum
907 3631 1047 3694 carmine
1070 3627 1212 3711 laudum,

242 3715 448 3782 conlaudans
472 3653 633 3782 dhristum
656 3717 750 3781 solita
772 3718 895 3802 pietate
917 3717 1105 3802 benignum,

218 3974 269 4029 225
286 3980 383 4046 tugello
401 3978 436 4029 M
510 3975 560 4028 227
579 3975 715 4029 coniuncte
733 3977 768 4027 M
843 3976 894 4029 228
912 3979 995 4030 eosirs
1013 3977 1046 4027 M
1112 3975 1163 4030 231
1182 3977 1266 4028 iunxit

134 4043 185 4109 M¹‚
202 4047 359 4114 ninxissetp
455 4045 507 4098 235
525 4049 557 4098 Et
575 4047 609 4097 M
697 4045 749 4097 248
767 4064 868 4099 rursum
888 4047 967 4099 Colles
1056 4044 1108 4098 253
1125 4048 1218 4098 Eidum
1236 4045 1270 4096 Μ

133 4112 184 4165 255
201 4118 295 4181 patoris
313 4118 343 4168 M
429 4114 481 4169 258
497 4117 662 4168 Conlaudans
679 4115 713 4165 M

218 4336 268 4391 223
286 4361 319 4384 =
336 4340 400 4392 Bas.
413 4343 470 4392 149.
558 4336 608 4391 251
622 4340 656 4406 cf.
671 4338 817 4392 Dionaeo.
