2970 4890
569 302 830 358 flaonsvluuaa
849 301 979 356 OPERA.

315 476 457 543 consilio
479 474 632 560 pmdans,
655 480 726 537 tota
746 473 1091 558 bonitate‘refulgens,

314 561 378 636 Qui
399 563 456 626 rix
476 561 646 625 transactis
667 560 733 623 iam
755 566 830 624 tunc
852 560 1029 646 puerilibus
1052 560 1143 623 annis

313 649 433 732 Attigit
455 647 572 711 aetatis
595 648 715 731 primos
737 647 832 709 flores
854 646 1012 710 iuvenilis.

315 733 462 819 Cumque
485 739 535 797 sat
557 733 703 796 inmitem
724 733 808 816 patri
829 734 926 796 sciret
947 733 1017 796 fore
1041 751 1164 815 regem,
1340 726 1388 792 fol.
1402 731 1453 777 w

314 820 386 884 Tali
409 826 608 883 maerentem
630 816 794 882 blanditur
815 838 895 882 voce
918 823 1105 902 parentem:

356 904 397 970 ‘0
420 906 464 968 mi
487 926 561 969 aare
583 911 687 989 pater,
712 924 785 968 mea
807 906 933 989 suscipe
955 904 1058 968 verba
1078 903 1220 967 libenter

316 990 370 1072 nt,
394 1011 477 1076 quae
500 1010 700 1070 commoneo,
724 1011 819 1054 sensu
841 991 926 1054 bene
948 991 1081 1075 percipe
1103 996 1263 1075 prompto.

317 1075 429 1141 Culleo
454 1096 594 1161 namque
618 1083 707 1139 tuam
730 1078 820 1141 senio
844 1076 1034 1140 decrescere
1057 1077 1167 1157 vitam,

313 1162 444 1227 Viribus
467 1163 659 1248 obpropriis
681 1182 798 1226 nervos
819 1164 948 1247 penitus
970 1169 1136 1243 vacuatos,

316 1248 386 1313 Nee
409 1254 441 1312 te
464 1269 560 1333 posse
584 1246 715 1333 quidem
737 1249 817 1312 levis
840 1248 917 1333 quid
938 1249 1024 1312 ferre
1046 1247 1183 1319 laboris;

315 1334 377 1398 Ast
400 1355 462 1418 ego
485 1333 544 1398 sed
566 1334 681 1398 validis
704 1333 895 1398 dominabor
918 1336 1039 1420 quippe
1061 1334 1202 1411 lacertis,

314 1420 369 1484 Ad
391 1427 583 1506 tempusque
606 1426 722 1505 potens
746 1419 882 1484 dominis
905 1421 1115 1486 succumbere
1139 1417 1236 1482 duris.

317 1504 524 1592 Quapropter
545 1526 673 1585 moneo,
720 1507 847 1570 recibus
868 1506 1062 1593 blandisque
1085 1504 1220 1590 rogabo,

317 1591 362 1656 Ut
382 1593 454 1676 regi
475 1599 586 1656 natum
608 1612 662 1656 ma
686 1527 830 1678 deponas
853 1593 911 1656 tibi
934 1614 1055 1675 earum,

316 1678 431 1742 Donec
454 1678 594 1743 sufficias
615 1679 755 1763 pretium
778 1679 965 1764 persolvere
989 1684 1103 1760 totum,

319 1764 370 1828 Ne
393 1771 450 1828 tua
473 1766 607 1829 canities
629 1765 740 1828 vinclis
761 1763 935 1829 intercidat
957 1765 1059 1829 artis?

360 1850 405 1914 Et
427 1853 535 1915 senior
558 1857 670 1914 contra
694 1850 824 1915 dicebat
845 1871 926 1915 voce
949 1871 1078 1916 severa:

317 1935 449 2000 ‘Desine
472 1944 563 2000 tanta
585 1938 683 2021 loqui,
708 1936 901 2017 dulcissime,
926 1936 1047 2018 desine,
1070 1937 1125 2019 fili,

316 2022 366 2085 Ne
390 2043 537 2086 maerore
560 2043 651 2086 meos
675 2022 773 2087 ducas
795 2024 827 2088 in
850 2030 972 2087 tartara
995 2044 1103 2088 canos.

316 2108 443 2193 Nempe
467 2109 570 2172 salute
594 2116 650 2172 tua
671 2109 795 2194 pendet
818 2117 942 2173 tantum
966 2130 1040 2173 mea
1061 2110 1129 2173 vita

317 2194 361 2258 Et
383 2195 451 2258 sine
475 2202 508 2257 te
531 2196 670 2280 spatium
692 2197 787 2260 valeo
811 2198 864 2281 pia
887 2198 997 2260 virere
1020 2197 1153 2260 nullum.

318 2281 369 2344 Tu
391 2279 489 2344 decus
513 2301 607 2344 omne
631 2302 750 2363 meum,
772 2290 807 2346 tu
829 2282 933 2366 gloria
954 2302 1074 2366 magna
1095 2289 1267 2431 parentum

317 2366 361 2429 Es
383 2387 512 2451 quoqne
535 2366 671 2430 subiecti
693 2368 787 2431 nobis
809 2388 883 2453 spes
906 2369 975 2432 sola
998 2369 1098 2453 popel
1110 2370 1131 2433 i.

319 2452 524 2538 Quapropter
546 2454 684 2537 patriam
707 2460 853 2539 praestat
874 2475 927 2517 me
949 2454 1096 2540 linquere
1120 2474 1229 2519 caram

315 2537 450 2603 Necnon
471 2539 664 2623 Hispaniam
686 2542 827 2604 vinetum
849 2547 1020 2625 penetrare
1044 2540 1228 2626 superbam,

320 2624 423 2697 Quam
447 2632 479 2688 te
502 2625 708 2708 grandaevae
732 2628 844 2690 vinclis
867 2646 958 2710 spem
981 2626 1111 2691 madere
1135 2624 1241 2691 vitae.³

359 2711 433 2774 Non
455 2711 528 2775 tulit
551 2732 629 2794 ergo
653 2719 779 2797 patrem
801 2713 955 2796 Pelagius
978 2714 1040 2777 ista
1062 2715 1260 2798 loquentem,

316 2796 381 2860 Sed
403 2798 524 2861 mulcet
546 2797 638 2861 dictis
660 2805 804 2862 mentem
828 2800 894 2861 cari
916 2800 1070 2882 genitoris
1342 2808 1455 2873 fol-42¹

317 2884 360 2947 Et
382 2886 469 2968 cogit
491 2883 629 2965 blandis,
653 2884 740 2968 quod
763 2885 874 2966 suasit,
897 2886 982 2949 velle
1005 2887 1152 2971 loquelis.

318 2969 488 3033 consensit
509 2970 659 3056 precibus
682 2970 814 3034 tandem
837 2971 964 3055 genitor
983 2970 1198 3048 venerandus,

317 3054 464 3119 Tradidit
488 3063 521 3119 ct
542 3061 664 3137 natum,
687 3062 792 3119 semet
815 3056 1016 3140 redimendo,
1039 3059 1209 3122 misellum.

317 3142 407 3205 Tunc
429 3162 487 3204 rex
512 3142 681 3223 Pelagium
703 3143 795 3205 iussit
817 3142 996 3226 perducere
1020 3165 1140 3225 seeum,

320 3227 362 3291 Et
384 3228 489 3291 laetus
510 3226 616 3305 rediit,
639 3229 777 3312 patriam
800 3229 966 3313 victorque
989 3231 1109 3295 revisit.

361 3313 477 3377 Nullus
523 3334 558 3376 ro
582 3314 704 3376 meritis
727 3313 839 3377 credat
861 3316 981 3379 laetum
1005 3316 1074 3381 fore
1097 3317 1184 3402 regis

320 3399 402 3480 Hoc,
427 3335 520 3485 quod
536 3406 601 3463 tum
625 3399 760 3484 pulchra
783 3401 934 3465 vincebat
957 3397 1096 3487 denique
1119 3422 1249 3489 pompa,

318 3485 384 3550 Sed
405 3506 501 3570 mage
524 3485 640 3550 iudicio
664 3488 780 3550 secreti
802 3487 915 3551 iudicis
938 3509 1053 3574 aequo,

318 3572 363 3636 Ut
384 3573 533 3657 populus,
557 3578 647 3636 tanto
670 3579 837 3659 correptus
859 3575 920 3638 rite
943 3576 1083 3658 flagello,

320 3658 431 3722 Floret
453 3659 551 3722 totius
574 3660 694 3744 proprii
717 3661 889 3724 commissa
910 3668 1030 3740 reatus,

299 3811 349 3865 153
370 3818 417 3867 tud
441 3816 476 3866 ric
498 3816 528 3866 M
628 3813 677 3867 156
703 3825 741 3867 sut
763 3818 855 3868 validis
877 3817 1042 3882 Papebrocb;
1065 3818 1112 3868 sed
1135 3819 1169 3884 cs.
1193 3816 1264 3867 Mar.
1282 3818 1344 3879 562,

212 3883 293 3949 oooq.
306 3888 355 3935 509
421 3884 471 3936 165
488 3887 577 3936 Nonne
596 3886 638 3935 M:
656 3887 769 3946 correxi,¹
788 3888 877 3937 Nonne
897 3886 985 3951 Gelas,
1003 3902 1161 3952 aequavero
1179 3886 1345 3952 inenoqauo

209 3953 237 4003 in
255 3951 285 4001 M
303 3953 452 4020 significatu
468 3963 505 4004 eat
580 3952 630 4005 168
648 3956 698 4004 Eas
717 3954 750 4003 M
825 3954 872 4005 111
893 3957 994 4019 Quanta
1012 3954 1046 4004 Μ
1114 3954 1165 4007 112
1183 3956 1299 4008 Contulit
1316 3954 1347 4004 M

244 4034 394 4086 sequentem
413 4023 456 4072 M:
474 4025 575 4074 eorreai
662 4021 711 4074 118
729 4024 814 4075 lactus
832 4024 865 4074 Μ

298 4142 348 4194 164
370 4146 404 4211 cf.
426 4162 483 4209 qen.
508 4146 591 4205 caat)
612 4144 743 4194 deducetis
764 4160 846 4195 canos
868 4160 937 4194 meos
963 4159 1023 4193 curn
1045 4159 1159 4195 maerore
1185 4143 1219 4194 ad
1241 4141 1346 4193 inferos.

210 4208 261 4263 118
285 4214 319 4279 cf.
343 4212 414 4264 Mur.
429 4217 478 4265 658
498 4222 521 4262 et
543 4211 640 4263 Elckelr.
656 4212 748 4264 Waltlr.
761 4217 840 4278 94aq.
865 4213 999 4264 obsidibus
1021 4213 1130 4278 sumptis
1155 4249 1162 4264 .
1185 4249 1192 4263 .
1215 4211 1348 4264 redierunt

209 4288 312 4348 pectore
328 4282 401 4337 lueto.
490 4279 540 4334 119
557 4283 592 4348 cf.
612 4281 693 4348 Gany.
704 4287 757 4333 141.
848 4279 897 4333 181
916 4281 1110 4348 cf.Mar.133.
