<?xml version="1.0" encoding="UTF-8"?>
<!DOCTYPE html PUBLIC "-//W3C//DTD XHTML 1.0 Transitional//EN"
    "http://www.w3.org/TR/xhtml1/DTD/xhtml1-transitional.dtd">
<html xmlns="http://www.w3.org/1999/xhtml" xml:lang="en" lang="en">
 <head>
  <title>
</title>
<meta http-equiv="Content-Type" content="text/html;charset=utf-8" />
  <meta name='ocr-system' content='tesseract 3.04.00' />
  <meta name='ocr-capabilities' content='ocr_page ocr_carea ocr_par ocr_line ocrx_word'/>
</head>
<body>
  <div class='ocr_page' id='page_1' title='image "./hrotsvithaeoper00hrotgoog/hrotsvithaeoper00hrotgoog_0195.png"; bbox 0 0 2970 4890; ppageno 0'>
   <div class='ocr_carea' id='block_1_1' title="bbox 339 332 1107 398">
    <p class='ocr_par' dir='ltr' id='par_1_1' title="bbox 339 332 1107 398">
     <span class='ocr_line' id='line_1_1' title="bbox 339 332 1107 398; baseline -0.013 0"><span class='ocrx_word' id='word_1_1' title='bbox 339 342 392 398; x_wconf 75' lang='lat'>160</span> <span class='ocrx_word' id='word_1_2' title='bbox 698 332 960 391; x_wconf 71' lang='lat' dir='ltr'>uuovsvluunlt</span> <span class='ocrx_word' id='word_1_3' title='bbox 979 333 1107 389; x_wconf 75' lang='lat' dir='ltr'>OPERA.</span> 
     </span>
    </p>
   </div>
   <div class='ocr_carea' id='block_1_2' title="bbox 135 506 1476 689">
    <p class='ocr_par' dir='ltr' id='par_1_2' title="bbox 135 506 1476 689">
     <span class='ocr_line' id='line_1_2' title="bbox 280 506 1476 605; baseline -0.007 -24"><span class='ocrx_word' id='word_1_4' title='bbox 280 513 323 605; x_wconf 87' lang='grc' dir='ltr'>Ι3</span> <span class='ocrx_word' id='word_1_5' title='bbox 424 511 592 577; x_wconf 64' lang='lat' dir='ltr'>Muenna.</span> <span class='ocrx_word' id='word_1_6' title='bbox 635 508 842 574; x_wconf 76' lang='lat' dir='ltr'>Familiarem</span> <span class='ocrx_word' id='word_1_7' title='bbox 857 527 968 572; x_wconf 88' lang='lat' dir='ltr'>mcum</span> <span class='ocrx_word' id='word_1_8' title='bbox 981 506 1105 573; x_wconf 83' lang='lat' dir='ltr'>Effrem</span> <span class='ocrx_word' id='word_1_9' title='bbox 1121 508 1284 590; x_wconf 87' lang='lat' dir='ltr'>accedam,</span> <span class='ocrx_word' id='word_1_10' title='bbox 1307 529 1371 595; x_wconf 94' lang='lat' dir='ltr'>quo</span> <span class='ocrx_word' id='word_1_11' title='bbox 1391 509 1476 596; x_wconf 88' lang='lat' dir='ltr'>ipse,</span> 
     </span>
     <span class='ocr_line' id='line_1_3' title="bbox 135 593 1475 689; baseline -0.002 -26"><span class='ocrx_word' id='word_1_12' title='bbox 135 602 183 689; x_wconf 69' lang='lat' dir='ltr'>(e</span> <span class='ocrx_word' id='word_1_13' title='bbox 320 600 400 688; x_wconf 90' lang='lat' dir='ltr'>)qni</span> <span class='ocrx_word' id='word_1_14' title='bbox 421 598 509 664; x_wconf 89' lang='lat' dir='ltr'>solus</span> <span class='ocrx_word' id='word_1_15' title='bbox 534 617 662 662; x_wconf 86' lang='lat' dir='ltr'>mecum</span> <span class='ocrx_word' id='word_1_16' title='bbox 682 603 758 659; x_wconf 88' lang='lat' dir='ltr'>tuae</span> <span class='ocrx_word' id='word_1_17' title='bbox 786 593 950 659; x_wconf 78' lang='lat' dir='ltr'>condoluit</span> <span class='ocrx_word' id='word_1_18' title='bbox 971 595 1155 680; x_wconf 82' lang='lat' dir='ltr'>perditioni,</span> <span class='ocrx_word' id='word_1_19' title='bbox 1175 597 1179 680; x_wconf 93' lang='grc' dir='ltr'>Ι</span> <span class='ocrx_word' id='word_1_20' title='bbox 1198 595 1403 682; x_wconf 79' lang='lat' dir='ltr'>congaudeat</span> <span class='ocrx_word' id='word_1_21' title='bbox 1423 595 1475 660; x_wconf 91' lang='lat' dir='ltr'>in·</span> 
     </span>
    </p>
   </div>
   <div class='ocr_carea' id='block_1_3' title="bbox 191 686 764 854">
    <p class='ocr_par' dir='ltr' id='par_1_3' title="bbox 191 686 764 854">
     <span class='ocr_line' id='line_1_4' title="bbox 341 686 518 766; baseline -0.023 -13"><span class='ocrx_word' id='word_1_22' title='bbox 341 686 493 753; x_wconf 87' lang='lat' dir='ltr'>ventioui.</span> <span class='ocrx_word' id='word_1_23' title='bbox 513 687 518 766; x_wconf 94' lang='grc' dir='ltr'>Ι</span> 
     </span>
     <span class='ocr_line' id='line_1_5' title="bbox 191 766 764 854; baseline -0.017 -15"><span class='ocrx_word' id='word_1_24' title='bbox 191 778 324 845; x_wconf 62' lang='lat' dir='ltr'>mata</span> <span class='ocrx_word' id='word_1_25' title='bbox 426 770 545 837; x_wconf 78' lang='lat' dir='ltr'>Manu.</span> <span class='ocrx_word' id='word_1_26' title='bbox 590 766 764 854; x_wconf 76' lang='lat' dir='ltr'>Competit.</span> 
     </span>
    </p>
   </div>
   <div class='ocr_carea' id='block_1_4' title="bbox 187 1056 1485 3728">
    <p class='ocr_par' dir='ltr' id='par_1_4' title="bbox 187 1056 1479 2262">
     <span class='ocr_line' id='line_1_6' title="bbox 187 1056 1238 1159; baseline -0.006 -30"><span class='ocrx_word' id='word_1_27' title='bbox 187 1061 334 1150; x_wconf 81' lang='lat' dir='ltr'>lx(x)¹</span> <span class='ocrx_word' id='word_1_28' title='bbox 430 1059 566 1159; x_wconf 69' lang='lat' dir='ltr'>Esanu.</span> <span class='ocrx_word' id='word_1_29' title='bbox 611 1058 697 1123; x_wconf 81' lang='lat' dir='ltr'>llum</span> <span class='ocrx_word' id='word_1_30' title='bbox 718 1056 797 1121; x_wconf 90' lang='lat' dir='ltr'>mihi</span> <span class='ocrx_word' id='word_1_31' title='bbox 820 1056 942 1142; x_wconf 86' lang='lat' dir='ltr'>aliquid</span> <span class='ocrx_word' id='word_1_32' title='bbox 964 1057 1061 1123; x_wconf 81' lang='lat' dir='ltr'>affers</span> <span class='ocrx_word' id='word_1_33' title='bbox 1083 1057 1238 1143; x_wconf 77' lang='lat' dir='ltr'>gaudiitl</span> 
     </span>
     <span class='ocr_line' id='line_1_7' title="bbox 431 1141 856 1229; baseline -0.007 -19"><span class='ocrx_word' id='word_1_34' title='bbox 431 1141 596 1211; x_wconf 73' lang='lat' dir='ltr'>Alsunuiu.</span> <span class='ocrx_word' id='word_1_35' title='bbox 641 1145 691 1208; x_wconf 81' lang='lat' dir='ltr'>Ao</span> <span class='ocrx_word' id='word_1_36' title='bbox 712 1144 856 1229; x_wconf 77' lang='lat' dir='ltr'>magnii</span> 
     </span>
     <span class='ocr_line' id='line_1_8' title="bbox 428 1227 1476 1317; baseline 0 -21"><span class='ocrx_word' id='word_1_37' title='bbox 428 1231 565 1296; x_wconf 78' lang='lat' dir='ltr'>Errsru.</span> <span class='ocrx_word' id='word_1_38' title='bbox 608 1230 740 1304; x_wconf 86' lang='lat' dir='ltr'>Placct;</span> <span class='ocrx_word' id='word_1_39' title='bbox 763 1250 823 1294; x_wconf 89' lang='lat' dir='ltr'>nec</span> <span class='ocrx_word' id='word_1_40' title='bbox 846 1227 968 1311; x_wconf 89' lang='lat' dir='ltr'>dubito,</span> <span class='ocrx_word' id='word_1_41' title='bbox 992 1231 1068 1317; x_wconf 95' lang='lat' dir='ltr'>quin</span> <span class='ocrx_word' id='word_1_42' title='bbox 1084 1230 1221 1296; x_wconf 84' lang='lat' dir='ltr'>Mariam</span> <span class='ocrx_word' id='word_1_43' title='bbox 1236 1232 1476 1299; x_wconf 85' lang='lat' dir='ltr'>nanciscereris.</span> 
     </span>
     <span class='ocr_line' id='line_1_9' title="bbox 388 1315 1478 1470; baseline 0 -88"><span class='ocrx_word' id='word_1_44' title='bbox 388 1405 410 1470; x_wconf 32' lang='lat' dir='ltr'>,l</span> <span class='ocrx_word' id='word_1_45' title='bbox 429 1321 595 1384; x_wconf 77' lang='lat' dir='ltr'>Asusunu.</span> <span class='ocrx_word' id='word_1_46' title='bbox 650 1315 870 1381; x_wconf 86' lang='lat' dir='ltr'>Nanciscebar</span> <span class='ocrx_word' id='word_1_47' title='bbox 895 1316 992 1402; x_wconf 87' lang='lat' dir='ltr'>plane</span> <span class='ocrx_word' id='word_1_48' title='bbox 1018 1318 1022 1402; x_wconf 99' lang='grc' dir='ltr'>Ι</span> <span class='ocrx_word' id='word_1_49' title='bbox 1049 1324 1082 1382; x_wconf 91' lang='lat' dir='ltr'>et</span> <span class='ocrx_word' id='word_1_50' title='bbox 1112 1317 1258 1402; x_wconf 87' lang='lat' dir='ltr'>gaudens</span> <span class='ocrx_word' id='word_1_51' title='bbox 1291 1318 1407 1385; x_wconf 87' lang='lat' dir='ltr'>reduxi</span> <span class='ocrx_word' id='word_1_52' title='bbox 1435 1317 1478 1384; x_wconf 90' lang='lat' dir='ltr'>ad</span> 
     </span>
     <span class='ocr_line' id='line_1_10' title="bbox 346 1423 439 1470; baseline -0.011 -1"><span class='ocrx_word' id='word_1_53' title='bbox 346 1423 397 1470; x_wconf 81' lang='lat' dir='ltr'>ovi</span> <span class='ocrx_word' id='word_1_54' title='bbox 411 1425 439 1470; x_wconf 89' lang='lat' dir='ltr'>e.</span> 
     </span>
     <span class='ocr_line' id='line_1_11' title="bbox 429 1407 1387 1574; baseline 0.001 -20"><span class='ocrx_word' id='word_1_55' title='bbox 429 1407 567 1555; x_wconf 43' lang='lat' dir='ltr'>Eirieus.</span> <span class='ocrx_word' id='word_1_56' title='bbox 610 1487 749 1554; x_wconf 87' lang='lat' dir='ltr'>Divinae</span> <span class='ocrx_word' id='word_1_57' title='bbox 772 1489 876 1572; x_wconf 87' lang='lat' dir='ltr'>gratia</span> <span class='ocrx_word' id='word_1_58' title='bbox 898 1490 1088 1554; x_wconf 75' lang='lat' dir='ltr'>visitationis</span> <span class='ocrx_word' id='word_1_59' title='bbox 1110 1489 1230 1556; x_wconf 86' lang='lat' dir='ltr'>lactum</span> <span class='ocrx_word' id='word_1_60' title='bbox 1253 1489 1360 1557; x_wconf 90' lang='lat' dir='ltr'>credo.</span> <span class='ocrx_word' id='word_1_61' title='bbox 1381 1492 1387 1574; x_wconf 92' lang='grc' dir='ltr'>Ι</span> 
     </span>
     <span class='ocr_line' id='line_1_12' title="bbox 430 1573 915 1657; baseline -0.002 -17"><span class='ocrx_word' id='word_1_62' title='bbox 430 1576 597 1641; x_wconf 64' lang='lat' dir='ltr'>Asnaum</span> <span class='ocrx_word' id='word_1_63' title='bbox 640 1574 758 1638; x_wconf 91' lang='lat' dir='ltr'>Procul</span> <span class='ocrx_word' id='word_1_64' title='bbox 781 1573 915 1657; x_wconf 69' lang='lat' dir='ltr'>dubio!</span> 
     </span>
     <span class='ocr_line' id='line_1_13' title="bbox 299 1659 1476 1750; baseline 0 -23"><span class='ocrx_word' id='word_1_65' title='bbox 299 1665 320 1726; x_wconf 82' lang='lat'>2</span> <span class='ocrx_word' id='word_1_66' title='bbox 427 1661 564 1727; x_wconf 81' lang='lat' dir='ltr'>Ervnuu.</span> <span class='ocrx_word' id='word_1_67' title='bbox 601 1659 731 1725; x_wconf 87' lang='lat' dir='ltr'>Vellem</span> <span class='ocrx_word' id='word_1_68' title='bbox 754 1662 847 1743; x_wconf 85' lang='lat' dir='ltr'>scire,</span> <span class='ocrx_word' id='word_1_69' title='bbox 871 1662 1010 1747; x_wconf 88' lang='lat' dir='ltr'>qualiter</span> <span class='ocrx_word' id='word_1_70' title='bbox 1030 1662 1121 1726; x_wconf 86' lang='lat' dir='ltr'>iuxts</span> <span class='ocrx_word' id='word_1_71' title='bbox 1143 1660 1177 1726; x_wconf 92' lang='lat' dir='ltr'>id</span> <span class='ocrx_word' id='word_1_72' title='bbox 1200 1663 1354 1750; x_wconf 90' lang='lat' dir='ltr'>temporis</span> <span class='ocrx_word' id='word_1_73' title='bbox 1376 1663 1476 1727; x_wconf 77' lang='lat' dir='ltr'>vitam</span> 
     </span>
     <span class='ocr_line' id='line_1_14' title="bbox 346 1744 741 1834; baseline -0.005 -22"><span class='ocrx_word' id='word_1_74' title='bbox 346 1768 516 1834; x_wconf 89' lang='lat' dir='ltr'>moresque</span> <span class='ocrx_word' id='word_1_75' title='bbox 539 1744 741 1812; x_wconf 80' lang='lat' dir='ltr'>ordinaverit.</span> 
     </span>
     <span class='ocr_line' id='line_1_15' title="bbox 430 1831 1011 1909; baseline -0.002 -11"><span class='ocrx_word' id='word_1_76' title='bbox 430 1834 596 1899; x_wconf 70' lang='lat' dir='ltr'>Asnam.</span> <span class='ocrx_word' id='word_1_77' title='bbox 641 1831 739 1896; x_wconf 84' lang='lat' dir='ltr'>quta</span> <span class='ocrx_word' id='word_1_78' title='bbox 760 1853 868 1897; x_wconf 89' lang='lat' dir='ltr'>mcum</span> <span class='ocrx_word' id='word_1_79' title='bbox 891 1833 1011 1909; x_wconf 73' lang='lat' dir='ltr'>vellet</span> 
     </span>
     <span class='ocr_line' id='line_1_16' title="bbox 431 1918 1186 2005; baseline 0.001 -21"><span class='ocrx_word' id='word_1_80' title='bbox 431 1919 568 1984; x_wconf 82' lang='lat' dir='ltr'>Evvnnu.</span> <span class='ocrx_word' id='word_1_81' title='bbox 613 1918 687 1983; x_wconf 88' lang='lat' dir='ltr'>Hoc</span> <span class='ocrx_word' id='word_1_82' title='bbox 708 1919 754 1983; x_wconf 94' lang='lat' dir='ltr'>illi</span> <span class='ocrx_word' id='word_1_83' title='bbox 777 1918 912 2005; x_wconf 85' lang='lat' dir='ltr'>expedit</span> <span class='ocrx_word' id='word_1_84' title='bbox 934 1920 987 1984; x_wconf 91' lang='lat' dir='ltr'>vel</span> <span class='ocrx_word' id='word_1_85' title='bbox 1009 1921 1160 1985; x_wconf 81' lang='lat' dir='ltr'>maximo.</span> <span class='ocrx_word' id='word_1_86' title='bbox 1182 1921 1186 2004; x_wconf 93' lang='grc' dir='ltr'>Ι</span> 
     </span>
     <span class='ocr_line' id='line_1_17' title="bbox 431 2003 1479 2157; baseline 0.002 -86"><span class='ocrx_word' id='word_1_87' title='bbox 431 2007 596 2072; x_wconf 66' lang='lat' dir='ltr'>Ansam</span> <span class='ocrx_word' id='word_1_88' title='bbox 642 2003 801 2090; x_wconf 81' lang='lat' dir='ltr'>Quicquid</span> <span class='ocrx_word' id='word_1_89' title='bbox 828 2006 889 2092; x_wconf 93' lang='lat' dir='ltr'>ipsi</span> <span class='ocrx_word' id='word_1_90' title='bbox 909 2006 913 2090; x_wconf 95' lang='grc' dir='ltr'>Ι</span> <span class='ocrx_word' id='word_1_91' title='bbox 933 2006 1094 2091; x_wconf 85' lang='lat' dir='ltr'>agendum</span> <span class='ocrx_word' id='word_1_92' title='bbox 1124 2006 1287 2157; x_wconf 68' lang='lat' dir='ltr'>proposui,</span> <span class='ocrx_word' id='word_1_93' title='bbox 1308 2005 1312 2090; x_wconf 93' lang='grc' dir='ltr'>Ι</span> <span class='ocrx_word' id='word_1_94' title='bbox 1333 2007 1479 2093; x_wconf 88' lang='lat' dir='ltr'>quamvis</span> 
     </span>
     <span class='ocr_line' id='line_1_18' title="bbox 346 2091 1291 2179; baseline -0.002 -20"><span class='ocrx_word' id='word_1_95' title='bbox 346 2093 487 2174; x_wconf 81' lang='lat' dir='ltr'>difficile,</span> <span class='ocrx_word' id='word_1_96' title='bbox 507 2093 512 2175; x_wconf 92' lang='grc' dir='ltr'>Ι</span> <span class='ocrx_word' id='word_1_97' title='bbox 533 2091 678 2179; x_wconf 86' lang='lat' dir='ltr'>quamvis</span> <span class='ocrx_word' id='word_1_98' title='bbox 700 2112 810 2176; x_wconf 88' lang='lat' dir='ltr'>grave,</span> <span class='ocrx_word' id='word_1_99' title='bbox 831 2096 836 2173; x_wconf 97' lang='grc' dir='ltr'>Ι</span> <span class='ocrx_word' id='word_1_100' title='bbox 855 2092 935 2156; x_wconf 88' lang='lat' dir='ltr'>haut</span> <span class='ocrx_word' id='word_1_101' title='bbox 957 2092 1126 2177; x_wconf 86' lang='lat' dir='ltr'>abrogavit</span> <span class='ocrx_word' id='word_1_102' title='bbox 1147 2114 1185 2157; x_wconf 90' lang='lat' dir='ltr'>su</span> <span class='ocrx_word' id='word_1_103' title='bbox 1208 2093 1265 2157; x_wconf 85' lang='lat' dir='ltr'>ire.</span> <span class='ocrx_word' id='word_1_104' title='bbox 1286 2091 1291 2175; x_wconf 93' lang='grc' dir='ltr'>Ι</span> 
     </span>
     <span class='ocr_line' id='line_1_19' title="bbox 432 2176 826 2262; baseline -0.003 -18"><span class='ocrx_word' id='word_1_105' title='bbox 432 2178 569 2244; x_wconf 81' lang='lat' dir='ltr'>Errsnu.</span> <span class='ocrx_word' id='word_1_106' title='bbox 612 2176 826 2262; x_wconf 69' lang='lat' dir='ltr'>Laudabile!</span> 
     </span>
    </p>

    <p class='ocr_par' dir='ltr' id='par_1_5' title="bbox 304 2262 1481 2526">
     <span class='ocr_line' id='line_1_20' title="bbox 304 2262 1481 2351; baseline 0 -24"><span class='ocrx_word' id='word_1_107' title='bbox 304 2264 323 2327; x_wconf 83' lang='lat'><strong>3</strong></span> <span class='ocrx_word' id='word_1_108' title='bbox 378 2298 382 2304; x_wconf 94' lang='lat'>·</span> <span class='ocrx_word' id='word_1_109' title='bbox 432 2266 598 2330; x_wconf 70' lang='lat' dir='ltr'>Annuus.</span> <span class='ocrx_word' id='word_1_110' title='bbox 642 2262 726 2328; x_wconf 86' lang='lat' dir='ltr'>Nam</span> <span class='ocrx_word' id='word_1_111' title='bbox 748 2264 860 2329; x_wconf 87' lang='lat' dir='ltr'>induta</span> <span class='ocrx_word' id='word_1_112' title='bbox 883 2265 984 2330; x_wconf 93' lang='lat' dir='ltr'>cilicio</span> <span class='ocrx_word' id='word_1_113' title='bbox 1008 2265 1221 2350; x_wconf 87' lang='lat' dir='ltr'>continuaque</span> <span class='ocrx_word' id='word_1_114' title='bbox 1242 2265 1423 2351; x_wconf 86' lang='lat' dir='ltr'>vigiliarum</span> <span class='ocrx_word' id='word_1_115' title='bbox 1447 2270 1481 2328; x_wconf 90' lang='lat' dir='ltr'>et</span> 
     </span>
     <span class='ocr_line' id='line_1_21' title="bbox 348 2350 1479 2436; baseline -0.004 -18"><span class='ocrx_word' id='word_1_116' title='bbox 348 2352 458 2419; x_wconf 83' lang='lat' dir='ltr'>ieiunii</span> <span class='ocrx_word' id='word_1_117' title='bbox 480 2350 712 2416; x_wconf 76' lang='lat' dir='ltr'>exercitatione</span> <span class='ocrx_word' id='word_1_118' title='bbox 734 2358 912 2431; x_wconf 86' lang='lat' dir='ltr'>macerato,</span> <span class='ocrx_word' id='word_1_119' title='bbox 942 2353 1121 2416; x_wconf 81' lang='lat' dir='ltr'>artissimas</span> <span class='ocrx_word' id='word_1_120' title='bbox 1148 2352 1230 2436; x_wconf 88' lang='lat' dir='ltr'>legis</span> <span class='ocrx_word' id='word_1_121' title='bbox 1254 2352 1479 2418; x_wconf 87' lang='lat' dir='ltr'>observatione</span> 
     </span>
     <span class='ocr_line' id='line_1_22' title="bbox 349 2436 1235 2526; baseline -0.005 -21"><span class='ocrx_word' id='word_1_122' title='bbox 349 2459 466 2526; x_wconf 89' lang='lat' dir='ltr'>corpus</span> <span class='ocrx_word' id='word_1_123' title='bbox 488 2446 635 2504; x_wconf 87' lang='lat' dir='ltr'>tenorum</span> <span class='ocrx_word' id='word_1_124' title='bbox 655 2436 659 2520; x_wconf 93' lang='grc' dir='ltr'>Ι</span> <span class='ocrx_word' id='word_1_125' title='bbox 679 2438 805 2502; x_wconf 85' lang='lat' dir='ltr'>animae</span> <span class='ocrx_word' id='word_1_126' title='bbox 831 2439 919 2524; x_wconf 82' lang='lat' dir='ltr'>cogit</span> <span class='ocrx_word' id='word_1_127' title='bbox 939 2440 1008 2525; x_wconf 88' lang='lat' dir='ltr'>pati</span> <span class='ocrx_word' id='word_1_128' title='bbox 1029 2439 1209 2525; x_wconf 86' lang='lat' dir='ltr'>imperium.</span> <span class='ocrx_word' id='word_1_129' title='bbox 1230 2441 1235 2520; x_wconf 92' lang='grc' dir='ltr'>Ι</span> 
     </span>
    </p>

    <p class='ocr_par' dir='ltr' id='par_1_6' title="bbox 198 2521 1485 3728">
     <span class='ocr_line' id='line_1_23' title="bbox 434 2521 1479 2611; baseline -0.002 -22"><span class='ocrx_word' id='word_1_130' title='bbox 434 2524 571 2589; x_wconf 76' lang='lat' dir='ltr'>Erravit.</span> <span class='ocrx_word' id='word_1_131' title='bbox 616 2522 766 2608; x_wconf 84' lang='lat' dir='ltr'>Aequum</span> <span class='ocrx_word' id='word_1_132' title='bbox 789 2530 852 2606; x_wconf 89' lang='lat' dir='ltr'>est,</span> <span class='ocrx_word' id='word_1_133' title='bbox 880 2529 917 2588; x_wconf 92' lang='lat' dir='ltr'>ut</span> <span class='ocrx_word' id='word_1_134' title='bbox 942 2526 1070 2611; x_wconf 87' lang='lat' dir='ltr'>iniquae</span> <span class='ocrx_word' id='word_1_135' title='bbox 1093 2524 1205 2588; x_wconf 87' lang='lat' dir='ltr'>sordes</span> <span class='ocrx_word' id='word_1_136' title='bbox 1228 2522 1451 2589; x_wconf 78' lang='lat' dir='ltr'>delectationis</span> <span class='ocrx_word' id='word_1_137' title='bbox 1475 2521 1479 2607; x_wconf 92' lang='grc' dir='ltr'>Ι</span> 
     </span>
     <span class='ocr_line' id='line_1_24' title="bbox 351 2611 1028 2695; baseline -0.004 -17"><span class='ocrx_word' id='word_1_138' title='bbox 351 2613 554 2678; x_wconf 87' lang='lat' dir='ltr'>eliminentur</span> <span class='ocrx_word' id='word_1_139' title='bbox 575 2611 752 2676; x_wconf 85' lang='lat' dir='ltr'>acerbitate</span> <span class='ocrx_word' id='word_1_140' title='bbox 776 2611 1004 2695; x_wconf 86' lang='lat' dir='ltr'>castigationis.</span> <span class='ocrx_word' id='word_1_141' title='bbox 1023 2615 1028 2693; x_wconf 94' lang='grc' dir='ltr'>Ι</span> 
     </span>
     <span class='ocr_line' id='line_1_25' title="bbox 436 2695 1480 2783; baseline -0.005 -19"><span class='ocrx_word' id='word_1_142' title='bbox 436 2699 602 2764; x_wconf 59' lang='lat' dir='ltr'>nonusis.</span> <span class='ocrx_word' id='word_1_143' title='bbox 649 2696 799 2783; x_wconf 83' lang='lat' dir='ltr'>Quisquis</span> <span class='ocrx_word' id='word_1_144' title='bbox 822 2698 890 2760; x_wconf 92' lang='lat' dir='ltr'>eius</span> <span class='ocrx_word' id='word_1_145' title='bbox 912 2697 1055 2762; x_wconf 86' lang='lat' dir='ltr'>lamenta</span> <span class='ocrx_word' id='word_1_146' title='bbox 1077 2697 1247 2782; x_wconf 79' lang='lat' dir='ltr'>intellegit,</span> <span class='ocrx_word' id='word_1_147' title='bbox 1261 2696 1265 2780; x_wconf 97' lang='grc' dir='ltr'>Ι</span> <span class='ocrx_word' id='word_1_148' title='bbox 1278 2702 1387 2760; x_wconf 89' lang='lat' dir='ltr'>mento</span> <span class='ocrx_word' id='word_1_149' title='bbox 1410 2695 1480 2759; x_wconf 92' lang='lat' dir='ltr'>vul·</span> 
     </span>
     <span class='ocr_line' id='line_1_26' title="bbox 258 2780 1481 2871; baseline -0.005 -20"><span class='ocrx_word' id='word_1_150' title='bbox 258 2784 269 2806; x_wconf 86' lang='lat'><em>⁰</em></span> <span class='ocrx_word' id='word_1_151' title='bbox 349 2792 493 2860; x_wconf 59' lang='lat' dir='ltr'>neritum</span> <span class='ocrx_word' id='word_1_152' title='bbox 508 2784 512 2870; x_wconf 92' lang='grc' dir='ltr'>Ι</span> <span class='ocrx_word' id='word_1_153' title='bbox 527 2785 669 2871; x_wconf 92' lang='lat' dir='ltr'>quisquis</span> <span class='ocrx_word' id='word_1_154' title='bbox 685 2784 950 2869; x_wconf 88' lang='lat' dir='ltr'>conpunctionem</span> <span class='ocrx_word' id='word_1_155' title='bbox 966 2787 1072 2861; x_wconf 90' lang='lat' dir='ltr'>sentit,</span> <span class='ocrx_word' id='word_1_156' title='bbox 1087 2783 1091 2868; x_wconf 97' lang='grc' dir='ltr'>Ι</span> <span class='ocrx_word' id='word_1_157' title='bbox 1106 2791 1138 2848; x_wconf 90' lang='lat' dir='ltr'>ct</span> <span class='ocrx_word' id='word_1_158' title='bbox 1153 2785 1222 2869; x_wconf 91' lang='lat' dir='ltr'>ipse</span> <span class='ocrx_word' id='word_1_159' title='bbox 1239 2782 1461 2868; x_wconf 90' lang='lat' dir='ltr'>conpungitur.</span> <span class='ocrx_word' id='word_1_160' title='bbox 1477 2780 1481 2865; x_wconf 95' lang='grc' dir='ltr'>Ι</span> 
     </span>
     <span class='ocr_line' id='line_1_27' title="bbox 198 2870 806 2950; baseline -0.003 -15"><span class='ocrx_word' id='word_1_161' title='bbox 198 2886 331 2950; x_wconf 63' lang='lat' dir='ltr'>meuc.</span> <span class='ocrx_word' id='word_1_162' title='bbox 435 2870 570 2940; x_wconf 72' lang='lat' dir='ltr'>Eventu.</span> <span class='ocrx_word' id='word_1_163' title='bbox 615 2871 706 2935; x_wconf 83' lang='lat' dir='ltr'>Solet</span> <span class='ocrx_word' id='word_1_164' title='bbox 727 2871 806 2934; x_wconf 87' lang='lat' dir='ltr'>fieri.</span> 
     </span>
     <span class='ocr_line' id='line_1_28' title="bbox 306 2954 1484 3041; baseline -0.003 -21"><span class='ocrx_word' id='word_1_165' title='bbox 306 2956 326 3014; x_wconf 80' lang='grc'>4</span> <span class='ocrx_word' id='word_1_166' title='bbox 434 2958 600 3022; x_wconf 68' lang='lat' dir='ltr'>Araunia.</span> <span class='ocrx_word' id='word_1_167' title='bbox 644 2956 800 3021; x_wconf 88' lang='lat' dir='ltr'>Elaborat</span> <span class='ocrx_word' id='word_1_168' title='bbox 829 2975 888 3040; x_wconf 91' lang='lat' dir='ltr'>pro</span> <span class='ocrx_word' id='word_1_169' title='bbox 912 2956 1047 3032; x_wconf 87' lang='lat' dir='ltr'>viribus,</span> <span class='ocrx_word' id='word_1_170' title='bbox 1077 2964 1131 3034; x_wconf 84' lang='lat' dir='ltr'>ut,</span> <span class='ocrx_word' id='word_1_171' title='bbox 1163 2955 1276 3041; x_wconf 92' lang='lat' dir='ltr'>quibus</span> <span class='ocrx_word' id='word_1_172' title='bbox 1305 2976 1402 3020; x_wconf 86' lang='lat' dir='ltr'>ccusc</span> <span class='ocrx_word' id='word_1_173' title='bbox 1424 2954 1484 3017; x_wconf 84' lang='lat' dir='ltr'>luit</span> 
     </span>
     <span class='ocr_line' id='line_1_29' title="bbox 278 3043 1131 3130; baseline -0.001 -22"><span class='ocrx_word' id='word_1_174' title='bbox 278 3100 284 3107; x_wconf 90' lang='lat'><em>.</em></span> <span class='ocrx_word' id='word_1_175' title='bbox 351 3044 549 3130; x_wconf 88' lang='lat' dir='ltr'>perditionis,</span> <span class='ocrx_word' id='word_1_176' title='bbox 569 3049 574 3125; x_wconf 94' lang='grc' dir='ltr'>Ι</span> <span class='ocrx_word' id='word_1_177' title='bbox 594 3043 651 3106; x_wconf 88' lang='lat' dir='ltr'>fiat</span> <span class='ocrx_word' id='word_1_178' title='bbox 673 3043 859 3127; x_wconf 84' lang='lat' dir='ltr'>exemplum</span> <span class='ocrx_word' id='word_1_179' title='bbox 882 3044 1131 3124; x_wconf 72' lang='lat' dir='ltr'>conversionis!</span> 
     </span>
     <span class='ocr_line' id='line_1_30' title="bbox 435 3127 910 3214; baseline -0.006 -21"><span class='ocrx_word' id='word_1_180' title='bbox 435 3129 572 3194; x_wconf 70' lang='lat' dir='ltr'>Eventu.</span> <span class='ocrx_word' id='word_1_181' title='bbox 619 3127 827 3214; x_wconf 78' lang='lat' dir='ltr'>Consequens</span> <span class='ocrx_word' id='word_1_182' title='bbox 851 3134 910 3191; x_wconf 87' lang='lat' dir='ltr'>ost.</span> 
     </span>
     <span class='ocr_line' id='line_1_31' title="bbox 436 3211 1481 3362; baseline -0.001 -84"><span class='ocrx_word' id='word_1_183' title='bbox 436 3216 602 3362; x_wconf 46' lang='lat' dir='ltr'>donatura.</span> <span class='ocrx_word' id='word_1_184' title='bbox 638 3213 766 3296; x_wconf 87' lang='lat' dir='ltr'>Nititur,</span> <span class='ocrx_word' id='word_1_185' title='bbox 782 3221 829 3290; x_wconf 88' lang='lat' dir='ltr'>ut,</span> <span class='ocrx_word' id='word_1_186' title='bbox 847 3220 967 3298; x_wconf 87' lang='lat' dir='ltr'>quanto</span> <span class='ocrx_word' id='word_1_187' title='bbox 983 3214 1089 3278; x_wconf 86' lang='lat' dir='ltr'>extitit</span> <span class='ocrx_word' id='word_1_188' title='bbox 1105 3213 1240 3295; x_wconf 86' lang='lat' dir='ltr'>foedior,</span> <span class='ocrx_word' id='word_1_189' title='bbox 1255 3211 1259 3297; x_wconf 93' lang='grc' dir='ltr'>Ι</span> <span class='ocrx_word' id='word_1_190' title='bbox 1274 3220 1363 3279; x_wconf 89' lang='lat' dir='ltr'>tanto</span> <span class='ocrx_word' id='word_1_191' title='bbox 1379 3234 1481 3300; x_wconf 87' lang='lat' dir='ltr'>appa·</span> 
     </span>
     <span class='ocr_line' id='line_1_32' title="bbox 353 3301 584 3364; baseline 0 0"><span class='ocrx_word' id='word_1_192' title='bbox 353 3306 424 3364; x_wconf 89' lang='lat' dir='ltr'>reat</span> <span class='ocrx_word' id='word_1_193' title='bbox 446 3301 502 3364; x_wconf 90' lang='lat' dir='ltr'>uiti</span> <span class='ocrx_word' id='word_1_194' title='bbox 526 3302 584 3364; x_wconf 90' lang='lat' dir='ltr'>ior.</span> 
     </span>
     <span class='ocr_line' id='line_1_33' title="bbox 308 3301 1483 3536; baseline -0.003 -83"><span class='ocrx_word' id='word_1_195' title='bbox 308 3394 327 3453; x_wconf 83' lang='lat'>5</span> <span class='ocrx_word' id='word_1_196' title='bbox 353 3471 418 3536; x_wconf 68' lang='lat' dir='ltr'>dim</span> <span class='ocrx_word' id='word_1_197' title='bbox 435 3386 570 3450; x_wconf 76' lang='lat' dir='ltr'>Errasti.</span> <span class='ocrx_word' id='word_1_198' title='bbox 605 3301 777 3449; x_wconf 74' lang='lat' dir='ltr'>¹Iucundor</span> <span class='ocrx_word' id='word_1_199' title='bbox 799 3383 959 3449; x_wconf 88' lang='lat' dir='ltr'>audiendo</span> <span class='ocrx_word' id='word_1_200' title='bbox 975 3385 978 3469; x_wconf 73' lang='grc' dir='ltr'><strong>ξ</strong></span> <span class='ocrx_word' id='word_1_201' title='bbox 992 3386 1268 3472; x_wconf 88' lang='lat' dir='ltr'>praecordialique</span> <span class='ocrx_word' id='word_1_202' title='bbox 1284 3387 1389 3451; x_wconf 87' lang='lat' dir='ltr'>laetor</span> <span class='ocrx_word' id='word_1_203' title='bbox 1403 3406 1483 3469; x_wconf 88' lang='lat' dir='ltr'>gau·</span> 
     </span>
     <span class='ocr_line' id='line_1_34' title="bbox 421 3493 504 3537; baseline -0.024 0"><span class='ocrx_word' id='word_1_204' title='bbox 421 3493 504 3537; x_wconf 79' lang='lat' dir='ltr'>onio.</span> 
     </span>
     <span class='ocr_line' id='line_1_35' title="bbox 440 3474 1485 3644; baseline 0.001 -24"><span class='ocrx_word' id='word_1_205' title='bbox 440 3474 605 3623; x_wconf 47' lang='lat' dir='ltr'>Annii&#39;uun.</span> <span class='ocrx_word' id='word_1_206' title='bbox 633 3555 676 3621; x_wconf 86' lang='lat' dir='ltr'>Et</span> <span class='ocrx_word' id='word_1_207' title='bbox 690 3557 821 3630; x_wconf 85' lang='lat' dir='ltr'>merito;</span> <span class='ocrx_word' id='word_1_208' title='bbox 835 3556 839 3639; x_wconf 96' lang='grc' dir='ltr'>Ι</span> <span class='ocrx_word' id='word_1_209' title='bbox 855 3577 929 3620; x_wconf 90' lang='lat' dir='ltr'>nam</span> <span class='ocrx_word' id='word_1_210' title='bbox 944 3558 1091 3642; x_wconf 88' lang='lat' dir='ltr'>falanges</span> <span class='ocrx_word' id='word_1_211' title='bbox 1106 3559 1273 3643; x_wconf 87' lang='lat' dir='ltr'>angelicae</span> <span class='ocrx_word' id='word_1_212' title='bbox 1287 3557 1291 3644; x_wconf 93' lang='grc' dir='ltr'>Ι</span> <span class='ocrx_word' id='word_1_213' title='bbox 1305 3558 1468 3644; x_wconf 87' lang='lat' dir='ltr'>gaudente</span> <span class='ocrx_word' id='word_1_214' title='bbox 1474 3584 1485 3613; x_wconf 58' lang='grc' dir='ltr'><strong><em>ε</em></strong></span> 
     </span>
     <span class='ocr_line' id='line_1_36' title="bbox 354 3643 1260 3728; baseline 0 -20"><span class='ocrx_word' id='word_1_215' title='bbox 354 3643 517 3710; x_wconf 90' lang='lat' dir='ltr'>dominum</span> <span class='ocrx_word' id='word_1_216' title='bbox 539 3643 674 3708; x_wconf 87' lang='lat' dir='ltr'>laudant</span> <span class='ocrx_word' id='word_1_217' title='bbox 695 3663 793 3728; x_wconf 91' lang='lat' dir='ltr'>super</span> <span class='ocrx_word' id='word_1_218' title='bbox 815 3645 993 3728; x_wconf 87' lang='lat' dir='ltr'>peccatoris</span> <span class='ocrx_word' id='word_1_219' title='bbox 1016 3647 1233 3710; x_wconf 85' lang='lat' dir='ltr'>conversione.</span> <span class='ocrx_word' id='word_1_220' title='bbox 1256 3648 1260 3728; x_wconf 97' lang='grc' dir='ltr'>Ι</span> 
     </span>
    </p>
   </div>
   <div class='ocr_carea' id='block_1_5' title="bbox 354 3885 1485 4093">
    <p class='ocr_par' dir='ltr' id='par_1_7' title="bbox 354 3885 1485 4093">
     <span class='ocr_line' id='line_1_37' title="bbox 440 3885 1484 3955; baseline 0.001 -16"><span class='ocrx_word' id='word_1_221' title='bbox 440 3886 457 3939; x_wconf 90' lang='grc'>8</span> <span class='ocrx_word' id='word_1_222' title='bbox 474 3887 614 3940; x_wconf 74' lang='lat' dir='ltr'>Nesciebat</span> <span class='ocrx_word' id='word_1_223' title='bbox 628 3886 711 3953; x_wconf 81' lang='lat' dir='ltr'>M¹p¹,</span> <span class='ocrx_word' id='word_1_224' title='bbox 722 3888 893 3940; x_wconf 85' lang='lat' dir='ltr'>Nansciscbnr</span> <span class='ocrx_word' id='word_1_225' title='bbox 905 3888 964 3953; x_wconf 82' lang='lat' dir='ltr'>(sic)</span> <span class='ocrx_word' id='word_1_226' title='bbox 977 3887 1028 3951; x_wconf 72' lang='grc' dir='ltr'>Μ’,</span> <span class='ocrx_word' id='word_1_227' title='bbox 1040 3886 1195 3951; x_wconf 78' lang='lat' dir='ltr'>Nascicbt&#39;u(</span> <span class='ocrx_word' id='word_1_228' title='bbox 1208 3889 1214 3902; x_wconf 86' lang='lat'>&#39;</span> <span class='ocrx_word' id='word_1_229' title='bbox 1226 3888 1238 3952; x_wconf 92' lang='grc'><strong><em>)</em></strong></span> <span class='ocrx_word' id='word_1_230' title='bbox 1248 3888 1281 3955; x_wconf 85' lang='lat' dir='ltr'>p¹</span> <span class='ocrx_word' id='word_1_231' title='bbox 1349 3885 1384 3940; x_wconf 76' lang='lat'>28</span> <span class='ocrx_word' id='word_1_232' title='bbox 1403 3887 1484 3955; x_wconf 66' lang='lat' dir='ltr'>{sioni</span> 
     </span>
     <span class='ocr_line' id='line_1_38' title="bbox 354 3954 1485 4093; baseline -0.003 -85"><span class='ocrx_word' id='word_1_233' title='bbox 354 3957 494 4093; x_wconf 44' lang='lat' dir='ltr'>mussat,</span> <span class='ocrx_word' id='word_1_234' title='bbox 506 3961 577 4009; x_wconf 77' lang='lat' dir='ltr'>108v</span> <span class='ocrx_word' id='word_1_235' title='bbox 595 3955 637 4006; x_wconf 74' lang='grc' dir='ltr'>Μι</span> <span class='ocrx_word' id='word_1_236' title='bbox 730 3954 765 4006; x_wconf 77' lang='lat'>32</span> <span class='ocrx_word' id='word_1_237' title='bbox 783 3958 1002 4024; x_wconf 86' lang='lat' dir='ltr'>praecordialique</span> <span class='ocrx_word' id='word_1_238' title='bbox 1020 3957 1132 4025; x_wconf 72' lang='lat' dir='ltr'>Magnis</span> <span class='ocrx_word' id='word_1_239' title='bbox 1151 3960 1196 4024; x_wconf 74' lang='lat' dir='ltr'>(cf.</span> <span class='ocrx_word' id='word_1_240' title='bbox 1217 3958 1301 4011; x_wconf 79' lang='lat' dir='ltr'>cata</span> <span class='ocrx_word' id='word_1_241' title='bbox 1317 3959 1383 4023; x_wconf 82' lang='lat'><em>§1).·</em></span> <span class='ocrx_word' id='word_1_242' title='bbox 1400 3975 1485 4026; x_wconf 86' lang='lat' dir='ltr'>preco</span> 
     </span>
    </p>
   </div>
   <div class='ocr_carea' id='block_1_6' title="bbox 356 4198 1485 4338">
    <p class='ocr_par' dir='ltr' id='par_1_8' title="bbox 356 4198 1485 4338">
     <span class='ocr_line' id='line_1_39' title="bbox 442 4198 1485 4268; baseline -0.001 -16"><span class='ocrx_word' id='word_1_243' title='bbox 442 4198 476 4253; x_wconf 84' lang='lat'>35</span> <span class='ocrx_word' id='word_1_244' title='bbox 494 4202 528 4268; x_wconf 72' lang='lat' dir='ltr'>cs.</span> <span class='ocrx_word' id='word_1_245' title='bbox 547 4201 704 4264; x_wconf 82' lang='lat' dir='ltr'>Luc.15,10</span> <span class='ocrx_word' id='word_1_246' title='bbox 720 4200 844 4267; x_wconf 86' lang='lat' dir='ltr'>gaudium</span> <span class='ocrx_word' id='word_1_247' title='bbox 857 4200 905 4251; x_wconf 86' lang='lat' dir='ltr'>crit</span> <span class='ocrx_word' id='word_1_248' title='bbox 923 4216 1007 4252; x_wconf 86' lang='lat' dir='ltr'>coram</span> <span class='ocrx_word' id='word_1_249' title='bbox 1019 4201 1119 4266; x_wconf 88' lang='lat' dir='ltr'>angelis</span> <span class='ocrx_word' id='word_1_250' title='bbox 1136 4201 1177 4253; x_wconf 89' lang='lat' dir='ltr'>dei</span> <span class='ocrx_word' id='word_1_251' title='bbox 1195 4218 1273 4268; x_wconf 85' lang='lat' dir='ltr'>super</span> <span class='ocrx_word' id='word_1_252' title='bbox 1291 4217 1342 4254; x_wconf 92' lang='lat' dir='ltr'>uno</span> <span class='ocrx_word' id='word_1_253' title='bbox 1357 4209 1485 4268; x_wconf 86' lang='lat' dir='ltr'>peccator</span> 
     </span>
     <span class='ocr_line' id='line_1_40' title="bbox 356 4272 655 4338; baseline -0.003 -16"><span class='ocrx_word' id='word_1_254' title='bbox 356 4272 538 4338; x_wconf 84' lang='lat' dir='ltr'>poenitentiam</span> <span class='ocrx_word' id='word_1_255' title='bbox 556 4280 655 4336; x_wconf 83' lang='lat' dir='ltr'>agente.</span> 
     </span>
    </p>
   </div>
   <div class='ocr_carea' id='block_1_7' title="bbox 0 0 1503 4890">
    <p class='ocr_par' dir='ltr' id='par_1_9' title="bbox 0 0 1503 4890">
     <span class='ocr_line' id='line_1_41' title="bbox 0 0 1503 4890; baseline 0 0"><span class='ocrx_word' id='word_1_256' title='bbox 0 0 1503 4890; x_wconf 95' lang='lat' dir='ltr'> </span> 
     </span>
    </p>
   </div>
  </div>
 </body>
</html>
