2970 4890
313 709 376 783 Qui
398 709 478 774 velit
501 711 688 796 exemplum
712 711 828 774 veniae
851 710 1084 797 comprendere
1108 723 1231 778 certum

269 795 405 862 Necnon
426 798 519 883 larga
542 797 596 861 dei
618 797 750 882 pietatis
773 817 908 862 munera
929 800 1049 884 magni,

271 883 407 949 Pectore
430 884 606 948 uersiculos
630 883 788 947 submisso
812 885 961 970 perlegat
982 886 1072 968 istos,

158 997 187 1037 ro
266 969 336 1034 Nec
358 971 508 1055 fragilem
530 970 602 1034 vilis
626 990 741 1034 sexum
764 977 895 1055 spernat
916 971 1070 1054 mulieris,

270 1056 363 1130 Quae
384 1057 492 1142 fragili
514 1055 663 1121 modulos
687 1057 812 1122 calamo
836 1063 1024 1122 cantaverat
1045 1058 1134 1139 istos,

271 1142 338 1207 Sed
360 1164 457 1228 mage
481 1144 656 1207 caelestem
681 1142 799 1207 Christi
822 1143 933 1207 landet
954 1145 1123 1230 pietatem,

271 1228 333 1303 Qui
355 1250 420 1293 non
442 1231 511 1294 uult
534 1229 632 1314 digna
654 1235 828 1315 peccantes
850 1229 989 1315 perdere
1011 1251 1129 1316 poena,

272 1315 338 1380 Sed
382 1316 433 1380 lus
455 1336 497 1402 pe
539 1323 635 1380 aurae
659 1336 832 1380 conuersos
854 1315 992 1381 reddere
1016 1317 1116 1381 vitae:

162 1427 188 1467 rr
271 1401 343 1467 Gan
368 1423 424 1466 ens
447 1424 510 1488 gau
536 1403 618 1478 ebit;
643 1402 730 1488 quod
753 1422 865 1466 verum
888 1409 974 1467 stare
997 1403 1159 1488 probabit,

271 1487 421 1575 Quisquis
442 1496 651 1575 praesentem
674 1495 895 1575 perscrutatur
917 1490 1084 1554 rationem.

628 1683 834 1691 -—-——-—-

314 1865 487 1952 Tempore,
509 1866 648 1932 Basilius
672 1888 735 1953 quo
758 1867 807 1932 vir
827 1867 997 1932 virtutibus
1020 1868 1123 1931 almus

271 1951 416 2018 Rexerat
440 1954 611 2019 ecclesiam
633 1955 718 2019 iusto
741 1953 962 2018 moderamine
985 1961 1129 2018 sanctam

273 2036 392 2103 Sedem
414 2041 548 2104 rectoris
571 2043 702 2105 sortitus
726 2040 954 2122 Caesariensis,
1300 2049 1348 2114 fot.
1363 2052 1410 2101 5⁷2

166 2151 191 2191 ac
271 2124 331 2188 Vir
352 2127 429 2190 satis
451 2127 582 2191 illustris
606 2128 749 2211 degebat
769 2129 914 2213 partibus
936 2127 1009 2209 illis,

271 2209 409 2277 Nomine
431 2212 607 2296 Proterins,
631 2221 746 2278 cuntae
769 2214 858 2300 plebi
880 2213 1094 2294 venerandus,

272 2296 450 2363 Nobilitate
474 2307 600 2385 potens,
626 2302 741 2387 opibus
763 2321 871 2364 rerum
895 2320 1023 2386 qnoque
1045 2299 1182 2385 pollens.

270 2382 373 2450 Unica
395 2386 527 2450 feminei
550 2407 648 2451 sexus
671 2388 779 2472 proles
802 2388 862 2451 fuit
883 2387 930 2451 illi

272 2470 356 2551 (Neo
378 2473 460 2536 alins
483 2473 716 2538 substantiolae
739 2474 857 2537 mansit
879 2473 940 2538 sibi
962 2492 1102 2556 magnae

162 2580 188 2619 rs
272 2557 404 2643 Heres),
429 2580 525 2645 qnam
548 2569 636 2624 certe
661 2567 774 2624 tenero
798 2558 913 2624 dilexit
936 2578 1061 2632 amore;

272 2644 468 2730 Affectnque
491 2647 545 2731 pio
568 2667 692 2711 necnon
715 2649 839 2731 pietate
862 2653 1000 2731 patema

274 2731 409 2816 Optans,
433 2733 504 2817 plus
527 2734 668 2797 animam
691 2740 789 2797 natae
812 2753 988 2818 numquam
1010 2731 1200 2795 morituram

272 2818 386 2883 Ornari
408 2820 545 2903 gemmis
567 2821 734 2905 perfectae
757 2820 960 2903 uirginitatis,

272 2904 376 2978 Quam
400 2926 516 2990 corpus
539 2927 660 2992 pompa
684 2905 794 2969 mundi
818 2907 953 2970 mortale
978 2903 1109 2982 caduca,

160 3021 187 3060 so
276 2991 406 3056 (turarii
429 2993 526 3056 sacris
548 2994 651 3078 ipsam
675 2993 798 3057 sociare
821 2993 946 3076 puellis,

273 3077 364 3152 Quae
389 3080 598 3163 consignatae
624 3079 752 3144 Christo
776 3079 935 3143 velamine
959 3096 1050 3142 sacro

273 3164 429 3229 Ooonobii
453 3166 599 3230 claustris
622 3167 744 3251 pariter
765 3173 934 3230 servantur
955 3166 989 3229 in
1011 3164 1098 3228 artis.

314 3249 437 3315 Doctor
460 3252 518 3316 sed
541 3253 710 3335 scelernm,
735 3254 788 3338 qni
811 3251 942 3339 decepit
963 3252 1209 3338 protoplastum,

271 3334 474 3402 Detestando
498 3339 558 3402 viri
580 3345 691 3403 votum
714 3339 878 3405 laudabile
901 3341 986 3421 iusti,

161 3451 187 3490 aa
271 3422 377 3508 Ipsius
399 3446 458 3510 pro
482 3425 565 3488 rium
588 3426 665 3490 fecit
687 3426 871 3491 fervescere
895 3445 1024 3492 servum

271 3509 309 3573 In
333 3532 430 3596 snpra
454 3446 559 3576 dictae
584 3512 754 3577 dementer
776 3533 888 3577 amore
910 3513 1051 3599 puellae.

272 3594 334 3669 Qui
356 3599 449 3661 nimis
471 3597 595 3678 infelix,
619 3599 749 3685 spiculis
771 3600 936 3685 perfossus
959 3598 1086 3677 amoris,

271 3681 343 3756 Quo
365 3685 469 3768 magis
495 3683 644 3764 ardescit,
667 3692 757 3750 tanto
780 3687 853 3772 plus
877 3687 975 3751 corde
997 3683 1146 3764 tabescit,

270 3768 442 3855 Indignum
465 3791 499 3834 se
524 3773 671 3857 coniugio
695 3774 841 3838 meminit
864 3774 939 3859 quia
961 3777 1050 3835 tanto

250 3962 372 4012 ursinos.
408 3958 516 4013 luslut
533 3963 678 4030 exemplum
697 3965 759 4016 ueni
777 3964 810 4014 Μ
877 3962 908 4014 11
928 3963 1028 4014 calomo
1041 3961 1083 4011 Μι
1155 3959 1190 4014 33
1207 3964 1302 4013 Doctor

165 4046 200 4079 cc
217 4031 322 4092 Ductor,
341 4032 486 4095 ambiguum
503 4030 533 4081 Μ
551 4029 666 4095 (Ductor
678 4033 712 4099 p)
799 4031 833 4084 36
851 4032 991 4084 clementer
1008 4031 1043 4082 Μ

251 4184 283 4237 13
300 4189 334 4253 cf·
358 4188 471 4253 Theopd.
485 4192 539 4240 150.
628 4187 660 4239 18
678 4191 712 4255 cf.
728 4197 789 4255 pest.
802 4191 826 4240 8.
905 4187 940 4240 20
958 4196 981 4238 et
998 4184 1033 4237 22
1050 4188 1085 4254 cf.
1109 4187 1225 4253 Ttaeopt.
1238 4189 1300 4250 deq.

166 4250 198 4302 23
216 4255 249 4320 cf.
265 4261 396 4320 qestddd.
473 4255 507 4308 28
525 4258 560 4323 cf.
579 4274 630 4308 cac.
640 4262 670 4309 91
745 4256 777 4309 31
797 4255 833 4322 cf.
851 4257 919 4325 Apri.
932 4262 971 4322 10,
986 4256 1066 4323 prim.
1078 4258 1137 4308 322.
1214 4253 1248 4307 33
1266 4255 1300 4320 cf.

165 4321 254 4374 Aba?
270 4324 315 4385 9¹3.
403 4324 435 4378 37
455 4328 489 4392 cf.
509 4325 576 4392 Apu.
590 4332 642 4376 111.
