2970 4890
359 333 439 388 1112.
455 332 608 400 primordio
625 331 747 386 coenobii
768 329 1016 386 actamnis
1206 331 1258 385 237

231 505 312 570 Oum
336 504 430 568 sociis
452 501 630 587 gradiendo
653 504 745 588 sequi
767 504 956 586 virguncula
979 502 1106 566 Christi.

233 589 381 675 Cumque
405 589 555 653 columba
577 590 684 652 locum
706 590 845 653 volitans
867 590 1009 653 venisset
1030 589 1072 652 ad
1094 590 1193 667 illum,

232 677 337 751 Quem
360 696 443 739 nunc
464 695 529 738 non
551 675 694 738 sterilem
717 675 842 758 magnis
866 676 982 739 scimus
1005 674 1074 738 fore
1099 676 1209 761 petris,

233 760 445 826 Descendens
468 766 587 824 terram
610 767 713 824 rostro
736 765 941 844 percusserat
962 761 1060 841 illam,

235 849 303 914 Sub
327 848 416 912 cuius
438 845 564 931 lapides
586 847 751 910 latuerunt
773 866 894 930 aggere
917 847 1035 930 pluras.
1203 864 1259 912 cro

234 934 306 1008 Quo
330 940 418 998 certe
441 935 510 996 viso
534 930 653 996 Christi
676 931 862 1015 dignissima
884 932 975 1015 virgo

231 1018 417 1084 Emundare
441 1020 546 1082 locum
570 1020 673 1082 socios
696 1024 910 1103 praeceperat
931 1019 1036 1101 ipsum

233 1104 286 1254 [Ibit
307 1106 426 1169 molem
450 1111 558 1167 terrae
584 1103 857 1169 circumfodiendo
881 1102 1005 1189 secare]
1187 1101 1260 1168 (πθ)

265 1192 437 1276 ellurisque
461 1210 594 1274 gravem
618 1189 771 1254 fodiendo
794 1189 940 1254 scindere
963 1191 1094 1255 molem.
1183 1190 1259 1254 (arci)

237 1277 308 1351 Quo
331 1277 429 1356 facto,
452 1281 638 1360 praestante
661 1277 715 1360 pia
738 1276 881 1340 bonitate
905 1296 1054 1359 superna,

234 1362 337 1448 Copia
357 1383 548 1446 magnarum
571 1368 766 1425 monstratur
787 1363 890 1425 multa
913 1368 1087 1447 petrarum,
1204 1379 1262 1429 (rso)

233 1448 328 1513 Unde
352 1448 539 1512 monasterii
563 1468 634 1512 cum
659 1448 780 1532 templo
802 1449 932 1511 moenia
955 1449 1064 1533 coepti

235 1534 352 1599 Omnia
374 1535 543 1598 materiam
567 1539 700 1618 possent
723 1534 859 1597 traxisse
882 1534 1054 1618 petrinam.

234 1620 320 1685 Hinc
341 1621 445 1704 magis
468 1625 566 1704 atque
588 1620 693 1703 magis
716 1625 785 1682 toto
808 1620 975 1683 conamine
999 1621 1115 1684 mentis

233 1706 388 1770 Factores
410 1706 522 1790 templi
546 1704 667 1769 domini
689 1705 748 1769 sub
771 1704 894 1769 honore
918 1706 1064 1770 sacrandi

235 1792 405 1857 instabant
428 1793 520 1877 operi
542 1812 619 1855 mox
640 1797 736 1855 nocte
760 1790 877 1875 dieque
900 1793 1032 1855 recenti.
1205 1807 1263 1857 ecs)

278 1877 343 1942 Sed
367 1879 434 1941 dux
455 1876 636 1958 Liudulfus,
659 1878 780 1962 primus
804 1878 858 1962 qui
881 1876 1027 1941 conditor
1050 1878 1118 1941 eius

236 1963 353 2028 Extitit
376 1971 410 2027 et
432 1985 508 2027 cura
530 1965 619 2028 cuius
641 1963 798 2049 processit
821 1965 911 2047 origo

239 2050 351 2114 Omnis
373 2055 563 2129 structurae,
586 2049 735 2133 precibus
758 2049 966 2134 poscentibus
989 2047 1093 2128 Odae,

238 2135 317 2220 (Pro
340 2135 444 2217 dolor)
468 2135 511 2199 ad
534 2156 694 2200 summum
714 2156 780 2199 non
804 2133 895 2198 duxit
918 2155 998 2218 opus
1021 2135 1209 2212 studiosum,

240 2221 316 2302 Sed,
338 2222 492 2286 naturalis
516 2241 615 2285 saeva
638 2226 743 2285 tactus
765 2241 846 2284 nece
869 2222 990 2300 mortis,
1209 2235 1265 2285 (asc)

240 2307 375 2392 Cogitur
396 2314 472 2372 ante
495 2328 587 2370 suum
610 2307 725 2370 factori
747 2305 885 2370 reddere
908 2307 1030 2382 flatum,

240 2393 344 2466 Quam
367 2394 513 2478 perfecta
536 2394 650 2457 domus
673 2391 794 2457 domini
816 2392 900 2456 foret
922 2392 1031 2454 inclita
1054 2411 1199 2476 prorsus;

240 2477 473 2563 Commisitque
495 2499 574 2543 suae
598 2499 692 2542 carae
715 2478 882 2542 moriendo
905 2477 1037 2541 relictae

243 2564 351 2649 Atque
374 2566 439 2629 suis
460 2567 554 2640 natis,
578 2564 714 2628 ducibus
736 2583 833 2647 supra
855 2563 1052 2641 memoratis,

240 2649 353 2715 Totius
378 2651 525 2716 instantis
546 2650 673 2736 pondus
696 2668 870 2733 curamque
893 2647 1022 2726 laboris,
1210 2663 1267 2713 (aa)

130 2760 138 2779 ⁶
238 2735 397 2819 Exorans,
421 2738 503 2802 votis
525 2744 562 2801 ut
584 2736 785 2820 complerent
807 2733 957 2798 studiosis

241 2821 378 2886 Omnem
402 2824 551 2888 coenobii
574 2829 765 2887 structuram
789 2819 984 2906 perficiendi.

239 2906 337 2972 Cuius
360 2910 392 2973 in
415 2911 546 2996 antiquo
570 2930 685 2995 corpus
708 2906 894 2972 venerabile
918 2904 1040 2989 templo

243 2993 332 3058 Tunc
355 2997 481 3079 gremio
504 3004 610 3060 terrae
635 2992 895 3058 commendatum
919 2992 979 3055 fuit
1001 2995 1096 3074 apte;

241 3078 323 3143 Ossa
346 3080 405 3144 scd
428 3102 583 3146 ennomm
606 3087 678 3166 post
702 3081 855 3144 decursus
878 3079 1057 3163 aliquorum
1210 3089 1269 3141 (ccc)

240 3165 321 3230 Sunt
342 3166 417 3230 hinc
439 3168 577 3232 ecclesia
599 3167 755 3230 translata
777 3164 914 3230 locanda
935 3163 1073 3228 novella.

240 3250 364 3315 Forsan
387 3251 493 3317 adhuc
514 3254 605 3317 illum
628 3253 746 3316 mundo
771 3252 851 3316 deus
874 3251 1007 3315 abstulit
1027 3249 1100 3328 isto,

239 3335 325 3400 Dum
348 3339 403 3402 vix
425 3341 542 3403 aetatis
564 3339 673 3402 febres
696 3339 803 3423 tetigit
824 3336 1006 3417 mediocris,

239 3421 375 3488 Illustris
399 3423 537 3489 domnae
560 3424 738 3509 posthaec
761 3429 797 3487 ut
819 3425 945 3510 plenius
967 3421 1060 3486 Odae

218 3559 271 3613 270
287 3571 357 3615 certa
370 3563 411 3614 bt:
430 3565 544 3624 correaei,·
560 3573 629 3616 certo
641 3564 747 3616 Leibm'a
815 3562 865 3617 271
885 3565 991 3617 sociasl
1059 3558 1143 3614 affl
1160 3568 1269 3624 utraque

132 3631 245 3682 recensio
263 3632 296 3683 ab
314 3632 372 3697 ι’ρεα
391 3632 442 3683 Ην.
456 3635 578 3700 profecta
596 3643 645 3693 εσυ
667 3642 728 3684 atra
742 3634 831 3697 prior,
850 3643 911 3684 atra
923 3632 1054 3699 portarier
1071 3631 1114 3694 a't,
1133 3637 1200 3681 certo
1217 3626 1270 3679 dici

131 3715 184 3749 ooo
203 3709 296 3765 potest,
323 3702 369 3752 ced
391 3702 600 3754 cboumfcdiendi
626 3703 730 3754 certam
753 3703 853 3768 loupiac
874 3719 966 3753 rursus
987 3702 1115 3752 cattarum
1142 3714 1195 3750 cue
1215 3696 1270 3748 ceri

132 3768 213 3819 riccila
226 3777 262 3819 est
323 3768 375 3821 279
394 3772 511 3823 Instabat
523 3773 533 3822 ἰ
594 3768 645 3822 289
663 3772 784 3822 instantis
796 3772 888 3837 rcripa‘
899 3770 947 3838 (cs.
956 3764 1269 3841 qest.1514,prim.d82):

132 3853 240 3904 infantis
258 3854 300 3916 bl,-
317 3856 431 3921 ingentis
448 3856 562 3919 Leibniz,
580 3857 681 3907 infandi
694 3855 771 3907 Perta
851 3854 902 3907 295
920 3856 981 3907 hinc
998 3854 1091 3920 scripti
1109 3854 1136 3916 (ι’.
1148 3853 1166 3904 s‘.
1184 3842 1268 3917 bite).-

133 3921 185 3973 hac
203 3923 229 3972 in
247 3923 276 3973 tt
356 3921 408 3974 296
425 3925 458 3976 ad
477 3926 526 3977 hoc
542 3925 649 3977 Mona
727 3923 778 3976 297
797 3926 888 3976 aetatis
907 3925 950 3975 vix
963 3925 994 3974 bv
1050 3924 1133 3974 febres
1147 3921 1188 3970 bl:
1204 3919 1270 3970 fines

131 3989 249 4110 {amia
261 3993 458 4112 'floreleoepbe
477 3996 534 4045 coll.
553 3994 609 4045 Pel.
622 3999 725 4059 mro,
742 3994 787 4044 ubi
799 3995 830 4046 de
836 4010 922 4058 puero
934 3994 1019 4059 affl,
1075 3990 1214 4040 mediocre,
1226 3985 1271 4036 m„

218 4077 319 4113 omlnae

218 4178 268 4231 277
288 4182 323 4247 cs.
339 4183 483 4246 prim.137.
554 4179 606 4233 278
624 4183 658 4248 cf.
674 4181 755 4246 prim.
768 4183 824 4232 138.
895 4176 946 4231 283
963 4175 1020 4228 ‘dac
1037 4178 1114 4245 risriy
1132 4175 1271 4227 occetano

140 4245 231 4300 were?
309 4248 361 4301 284
380 4267 442 4302 nece
459 4251 476 4300 i.
490 4268 509 4302 e.
529 4251 677 4302 arcuatam
697 4248 744 4316 (i).
823 4245 876 4300 288
894 4265 989 4314 supra
1007 4246 1165 4298 memoratis:
1187 4242 1271 4294 Ottoni

134 4313 215 4380 (prol.
229 4322 252 4383 6,
270 4336 294 4370 c.
306 4322 356 4383 d9;
373 4319 477 4386 Koepke
489 4336 519 4384 p.
530 4318 588 4386 133)
604 4328 630 4371 et
645 4317 769 4370 Braaooi
787 4314 821 4381 (c.
833 4316 902 4381 36⁷).
989 4312 1041 4366 293
1059 4316 1093 4381 cs.
1110 4322 1171 4381 pest.
1182 4317 1236 4364 416.
