2970 4890
564 351 576 404 l
594 352 618 405 4.
637 350 771 420 Pelopiae.

203 523 373 608 Rumpunt
394 523 428 586 in
450 524 533 587 tales
554 525 719 588 miseranti
741 531 875 609 pectore
897 545 1009 589 rooes:

203 608 302 690 ‘Heu,
324 611 411 673 iacet
434 611 592 674 exanimis
616 611 764 696 propriae
787 631 862 696 spes
884 612 979 675 unica
1001 615 1116 697 gentis,

204 696 313 780 Atque
338 695 437 760 decus
460 697 584 781 patriae
607 698 722 760 tumuli
744 698 813 760 sine
837 696 947 760 sordet
968 697 1105 764 honore!

205 781 321 845 Nonne
346 783 423 845 satis
444 784 552 846 multis
575 783 692 846 scimus
714 803 773 847 nos
795 782 938 847 rendere
961 786 1055 848 seclis
1231 805 1280 870 fol.
1293 809 1345 856 cuv

206 867 345 953 Semper
367 875 548 932 sanctorum
573 870 763 954 corpuscula
785 889 882 953 passa
905 870 1056 950 virorum,

207 953 296 1025 Quos
318 955 431 1040 capitis
455 954 572 1018 caedes
595 962 830 1019 monstraverat
852 976 924 1019 esse
946 955 1081 1022 fideles?

206 1038 249 1102 Et
272 1041 342 1124 quis
364 1039 536 1104 laudabilis
559 1040 686 1104 dubitet
709 1061 823 1125 corpus
846 1043 916 1105 lore
939 1045 1040 1124 testis,

208 1124 303 1198 Quod
324 1131 471 1190 truncum
495 1128 612 1190 misere
635 1129 750 1212 capitis
771 1129 857 1191 iacet
879 1127 1004 1213 absque
1028 1130 1183 1196 decore?'

250 1210 342 1275 Haec
365 1213 420 1276 ubi
444 1212 530 1276 dicta
553 1214 684 1294 dabant,
706 1215 781 1277 navi
803 1215 857 1298 pia
878 1215 1027 1279 membra
1048 1218 1210 1299 locabant,

207 1296 251 1360 Et
272 1297 363 1360 citius
385 1299 486 1361 versis
509 1300 714 1383 remigabant
737 1299 875 1385 denique
898 1301 979 1365 velis

206 1382 365 1447 Famosae
388 1386 509 1448 cunctis
533 1385 574 1449 ad
597 1390 724 1471 portam
747 1387 898 1469 gentibus
920 1388 1017 1451 urbia.

207 1469 271 1533 Hic
293 1490 421 1555 quoque
445 1471 602 1535 subducta
624 1473 689 1535 iam
712 1492 901 1557 processere
924 1474 1042 1552 carina,

207 1554 250 1618 Et
271 1557 353 1619 clam
376 1558 568 1621 coenobium
591 1557 718 1622 Ohristo
743 1559 867 1643 petiere
891 1567 1048 1623 sacratum

209 1641 300 1704 Intra
321 1664 384 1706 non
408 1644 552 1708 modicos
574 1644 662 1708 urbis
685 1645 872 1708 venerabile
896 1666 1013 1726 muros,

210 1727 381 1792 Portantes
404 1732 507 1815 pretio
531 1730 735 1794 rendendum
761 1730 900 1816 denique
923 1752 1040 1815 magno

207 1811 393 1878 Extinctum
417 1817 508 1880 testis
531 1817 626 1881 funus
649 1818 834 1881 venerabile
859 1818 959 1880 terris.

208 1897 303 1971 Quod
324 1902 470 1985 gaudens
492 1903 620 1986 hymnis
643 1904 784 1987 suscepit
806 1904 901 1967 turba
922 1903 1028 1968 fidelis

211 1984 379 2070 Suavibus,
405 1991 559 2074 exequias
584 1990 752 2053 celebrans
775 1988 816 2052 de
838 2008 929 2052 more
954 1994 1107 2073 sacratas,

208 2070 357 2156 Largiter
381 2081 415 2137 et
436 2077 575 2159 pretium
598 2077 703 2138 nautis
726 2076 837 2138 tribuit
859 2084 1096 2160 superauctum,

211 2155 396 2223 Ardescens
418 2163 519 2224 sancti
542 2162 678 2225 mercari
701 2182 816 2246 corpus
840 2161 979 2226 amandi.

208 2243 377 2316 Quonam
400 2255 543 2310 mercato
566 2249 661 2332 pretii
684 2268 747 2310 non
771 2267 903 2310 munere
927 2269 1030 2332 pauco

206 2329 345 2414 Eligitur
367 2333 463 2395 tellus
485 2334 639 2397 membris
661 2334 805 2417 locuples
828 2335 1014 2416 retinendis,

206 2416 246 2479 In
269 2438 341 2502 qua,
365 2439 515 2503 suprema
537 2420 632 2483 busto
652 2440 774 2568 pompa
796 2427 956 2502 reparato,

208 2502 333 2567 Glebae
357 2505 416 2568 sub
440 2507 566 2569 cumulo
591 2527 649 2570 con
674 2512 769 2569 untur
792 2505 952 2588 fragmina
974 2527 1074 2576 saera

209 2587 301 2661 Quae
323 2610 402 2654 mox
425 2592 610 2675 stelligerae
635 2598 789 2676 regnator
811 2593 970 2656 maximus
993 2595 1086 2657 aulae

208 2675 246 2737 ln
271 2678 392 2740 tumulo
416 2679 515 2761 signis
537 2679 628 2741 iussit
651 2680 776 2761 fulgere
800 2680 951 2760 coruscis,

207 2761 246 2824 In
270 2764 367 2826 caelis
391 2765 497 2827 anima
520 2766 597 2828 satis
620 2770 656 2827 nt
678 2767 836 2847 regnante
858 2764 958 2827 beata

205 2848 322 2932 Aequa
344 2850 481 2932 gloriola
503 2856 677 2934 regnarent
699 2855 827 2913 mortua
848 2850 1004 2913 membra.
1234 2864 1343 2928 somer

251 2933 400 3019 Denique
424 2937 577 3000 collectus
601 2956 736 2999 cernens
760 2957 802 2999 ex
824 2935 905 2999 urbe
928 2936 1088 3021 popellus,

207 3018 281 3083 Non
303 3041 406 3104 pauco
430 3023 525 3085 variis
548 3023 699 3086 obsessos
723 3028 870 3105 tempore
894 3022 1013 3085 morbis

208 3104 368 3170 Mundatis
390 3108 455 3171 illic
478 3108 581 3171 foedis
604 3108 774 3192 putredine
797 3108 950 3172 membris

208 3190 332 3256 Salvari
357 3195 467 3277 gratis,
490 3195 578 3257 nulla
600 3195 752 3258 mercede
776 3195 898 3273 salutis,

208 3277 291 3340 Nam
313 3279 426 3343 rudem
450 3282 555 3344 meriti
579 3288 723 3344 sanctum
747 3281 865 3344 titubat
887 3280 957 3345 iore
981 3281 1073 3356 tanti,

208 3363 297 3426 Illius
320 3370 357 3428 ut
379 3386 475 3429 causa
497 3368 613 3430 fierent
634 3368 787 3431 miracula
811 3373 909 3429 tanta.

211 3448 357 3514 Tandem
381 3453 529 3516 coenobii
551 3455 701 3538 princeps
724 3460 893 3538 rectorque
916 3453 1050 3538 popelli,

209 3535 339 3620 Optima
362 3539 486 3602 consilii
508 3545 648 3603 tractans
670 3539 884 3602 medicamina
907 3541 985 3620 sani,

210 3620 317 3686 Sensit
340 3624 569 3688 celsithronum
593 3625 844 3689 devotamento
868 3625 1076 3708 precandum,

209 3706 280 3779 Quo
302 3710 367 3772 iam
392 3710 562 3794 dignanter
584 3713 678 3775 solita
699 3712 823 3796 pietate
846 3718 997 3796 patenter

207 3791 388 3879 Detegeret
412 3796 509 3861 dubio
533 3818 650 3860 causae
673 3804 799 3862 secreta
821 3803 957 3861 remoto.

211 3877 305 3951 Quod
328 3891 406 3947 mox
428 3904 587 3969 personae
612 3905 709 3947 senus
733 3888 846 3968 optant
868 3885 1045 3967 utriusque,

187 4007 239 4059 370
260 4013 324 4063 Nam
347 4016 437 4064 rudem
462 4016 498 4065 aie
521 4014 553 4063 M
557 4033 566 4074 ;
588 4017 656 4065 Num
680 4015 725 4078 (=
744 4032 787 4065 -nc
812 4016 893 4079 Goasp.
912 4014 974 4078 394)
997 4014 1125 4080 corrigere
1147 4012 1238 4062 malim

98 4094 179 4142 quom
196 4079 290 4130 titubat
307 4084 322 4131 i.
337 4099 357 4133 e.
375 4080 469 4149 ‘negat'
486 4084 617 4147 explicare
703 4082 754 4134 376
773 4093 871 4135 remota
888 4083 919 4133 M

190 4187 241 4239 355
258 4194 292 4257 cs.
311 4193 388 4245 Dion.
406 4200 430 4246 5.
449 4198 508 4255 243,
529 4193 650 4245 Galimd
667 4193 719 4256 §3,
737 4194 832 4261 Sop.8
849 4195 896 4256 §L
909 4194 990 4258 prim.
1003 4195 1061 4244 538.
1133 4191 1184 4243 358
1203 4193 1237 4258 cf.

100 4259 251 4392 ‹cappgongd
254 4261 337 4380 5g1⁷or
351 4268 407 4316 430.
478 4261 531 4314 362
549 4266 583 4330 cf.
603 4264 728 4315 Petaso.
799 4262 849 4314 367
867 4264 900 4329 cf.
916 4262 997 4328 (long.
1010 4264 1068 4313 313.
1140 4258 1237 4325 370aq.
