2970 4890
645 363 656 416 I
675 366 699 417 4.
718 363 855 433 Pelagius.

283 535 419 600 Talibus
441 540 478 598 at
499 534 607 598 verbis
628 556 743 620 parcas
766 555 884 598 saevae
907 535 1038 598 rationis

284 622 330 686 Et
351 641 480 686 mecum
502 621 651 685 stabilem
676 627 846 706 conportes
869 621 985 685 mentis
1009 641 1152 687 amorem

285 707 357 773 Nec
379 713 521 793 temptes
544 714 687 772 nostrum
710 707 888 793 posthaec
911 707 1077 771 offendere
1100 711 1229 792 iussum,

288 794 409 879 Magno
433 792 491 857 sed
514 794 619 858 studio
643 814 753 857 serves
775 813 850 856 mea
873 793 958 857 dicta
981 796 1162 879 sequende;

288 881 338 945 'l'e
361 880 435 965 quia
458 879 556 943 corde
580 881 660 961 eolo,
684 901 809 944 necnon
832 881 1018 944 venerarier
1040 889 1116 966 opto

289 967 394 1030 Tanto
417 986 496 1051 prae
521 968 642 1030 cunctis
665 967 760 1029 aulae
784 965 956 1049 splendore
979 968 1141 1049 ministris,

288 1052 383 1116 Alter
402 1058 439 1114 ut
460 1053 493 1116 in
516 1072 617 1135 regno
641 1054 694 1134 sis,
717 1073 769 1115 me
792 1059 989 1137 praestante,
1012 1055 1176 1138 superbo.³

286 1138 379 1202 Haec
403 1138 457 1219 ait,
482 1143 515 1201 et
538 1137 654 1201 dextra
676 1139 865 1223 compressit
888 1139 1026 1201 martiris
1050 1160 1116 1222 ora,

287 1224 450 1287 Astrictim
472 1224 567 1287 laeva
590 1225 808 1308 complectens
832 1224 914 1287 colla
938 1231 1072 1305 sacrata,
1311 1230 1424 1296 fot-44¹

287 1308 358 1382 Quo
381 1310 425 1373 sic
448 1310 592 1373 oscillum
616 1310 731 1374 saltem
755 1310 931 1393 configeret
953 1331 1062 1376 unum.

288 1394 413 1458 Callida
435 1394 493 1459 sed
515 1397 607 1459 testis
631 1396 774 1458 confudit
796 1395 917 1459 ludicra
940 1397 1035 1479 regis,

288 1482 395 1566 Osque
418 1483 501 1565 petit
523 1482 629 1545 subito
653 1503 762 1567 pugno
785 1482 895 1565 regale
920 1483 1055 1561 vibrato,

287 1567 397 1631 Intulit
419 1576 454 1631 et
476 1574 600 1631 tantum
623 1570 731 1652 pronis
755 1569 919 1632 obtutibus
943 1570 1050 1649 ictum,

288 1652 424 1738 Sanguis
446 1659 482 1715 ut
505 1654 628 1739 absque
651 1675 742 1717 mora
765 1655 887 1718 stillans
912 1654 952 1717 de
976 1656 1109 1720 vulnere
1133 1656 1218 1721 facto

285 1737 426 1804 Barbam
449 1739 594 1804 foedavit
616 1761 741 1804 necnon
764 1748 871 1804 vestes
894 1740 1076 1804 madefecit.

326 1825 416 1890 Tunc
439 1845 508 1906 rex,
531 1848 596 1889 non
620 1827 780 1890 modicam
804 1828 902 1890 tristis
927 1848 1099 1892 conversus
1122 1830 1154 1892 in
1176 1829 1268 1910 iram,

287 1910 393 1995 Iussit,
415 1911 598 1996 Pelagium,
622 1914 771 1976 caelestis
795 1915 880 1996 regis
903 1914 1078 1993 alumnum,

287 1996 388 2061 Trans
410 2018 520 2061 muros
542 2000 643 2084 proici
666 2001 785 2063 iactum
808 1999 908 2062 funda
930 2001 1113 2082 machinali,

288 2081 408 2148 Crebro
431 2085 592 2149 bellantes
616 2087 702 2149 saxis
726 2106 809 2171 quae
832 2085 974 2171 perfodit
996 2087 1117 2166 hostes,

285 2168 411 2234 Nubilis
433 2177 469 2234 nt
492 2173 593 2251 testis,
617 2173 703 2235 fluvii
726 2173 853 2236 collisus
876 2171 1016 2254 harenis,

284 2255 406 2320 Urbem
430 2258 482 2342 qui
505 2264 596 2320 vasto
620 2259 751 2343 propius
775 2259 963 2321 circumfluit
984 2258 1081 2339 unda,

285 2340 492 2406 Membratim
516 2351 664 2427 creperet
685 2345 802 2429 raptim
825 2345 1008 2429 fractusque
1031 2347 1160 2430 periret.

286 2427 377 2492 Talia
399 2430 530 2492 iactanti
553 2430 713 2514 parebant
736 2431 818 2493 forte
841 2431 987 2497 ministri.

283 2513 362 2577 Mox
385 2522 418 2578 et
438 2514 615 2579 inauditam
638 2523 843 2579 strucxerunt
866 2517 1005 2601 denique
1028 2537 1179 2599 poenam,

284 2599 397 2664 Funda
419 2600 590 2685 Pelagium
613 2604 768 2666 iacientes
791 2602 1051 2665 martirizandum

284 2685 379 2750 Urbis
401 2686 546 2751 famosae
571 2696 657 2752 trans
679 2690 823 2752 maxime
846 2690 974 2751 moenia
996 2690 1103 2771 louge.

286 2771 362 2855 Sed,
384 2773 462 2837 licet
484 2775 633 2857 ingentes
658 2775 823 2838 obstantes
846 2774 987 2858 undique
1011 2795 1107 2859 rupes

282 2859 436 2923 Artarent
458 2861 549 2922 testis
572 2881 687 2944 corpus
711 2860 885 2946 praedulce
910 2860 1065 2942 cadentis,

284 2947 438 3008 Attamen
459 2946 589 3009 illaesus
614 2946 731 3011 Christi
754 2948 931 3033 permansit
953 2948 1084 3010 amicus.

329 3029 425 3095 Certe
449 3033 577 3115 regales
601 3034 691 3097 citius
714 3032 927 3119 pervenitad
951 3054 1055 3114 aures,

280 3116 421 3181 Martiris
444 3118 526 3182 allisi
550 3140 665 3203 corpus
688 3141 752 3183 non
775 3140 870 3204 posse
894 3121 1007 3202 secari,

282 3202 377 3287 Infigi
401 3205 539 3289 scopulis
562 3207 653 3289 ripae
677 3207 763 3290 quod
785 3208 877 3270 iussit
899 3207 1011 3270 acutis.

280 3286 343 3352 Hic
366 3290 470 3373 magis
494 3290 644 3372 offensus,
668 3294 795 3377 penitus
818 3294 925 3356 suerat
949 3296 1024 3379 quia
1046 3296 1158 3373 victus,
1308 3303 1420 3368 fotu*

280 3373 358 3438 Mox
381 3383 477 3459 caput
502 3385 617 3441 exacto
640 3380 731 3441 iussit
755 3379 919 3443 succidere
943 3381 1029 3443 ferro

279 3459 323 3523 Et
346 3462 570 3527 sententiolam
594 3466 639 3529 sie
662 3485 817 3528 exercere
841 3487 1035 3550 supremam.

283 3546 434 3632 Denique
457 3549 587 3613 lictores
610 3552 734 3635 regalia
756 3553 843 3614 iussa
865 3559 1041 3616 trementes

281 3631 361 3696 Mox
385 3632 502 3698 Christi
527 3641 642 3700 testem
666 3637 774 3722 gladio
799 3658 930 3702 secuere
953 3638 1094 3721 fidelem,

280 3718 391 3783 Fbmus
415 3728 447 3784 et
472 3723 649 3786 extinctum
673 3724 802 3808 limphis
826 3723 960 3788 credunt
982 3723 1195 3788 retinendum.

323 3803 406 3870 Nam
429 3808 523 3871 miles
545 3811 632 3893 regis
655 3818 817 3893 prostrata
840 3817 943 3874 morte
967 3812 1117 3896 perennis

164 3916 205 3954 aaa
282 3889 395 3956 Victor
418 3895 574 3977 stelligeri
596 3897 711 3960 volitat
733 3917 792 3980 per
814 3896 920 3960 sidera
944 3899 1025 3961 caeli

256 4043 311 4096 268
326 4050 383 4099 -ssit
400 4052 519 4116 martyris
537 4068 582 4102 ora
600 4053 627 4101 ia
639 4069 691 4101 roa
706 4052 739 4100 M
806 4050 858 4102 270
870 4054 961 4104 saltem
975 4054 1001 4102 ia
1014 4072 1067 4104 ras.
1081 4053 1112 4103 Μ
1181 4051 1232 4102 2ῖ4
1245 4054 1308 4104 Sau-

159 4115 257 4184 guinis
277 4123 309 4164 ut
325 4117 408 4184 abque
429 4119 462 4168 Μ

257 4245 312 4299 278
327 4255 359 4320 cf.
378 4254 434 4306 Pel.
446 4257 502 4306 285.
590 4256 641 4307 282
659 4260 692 4324 cs.
713 4257 805 4321 Sapo
823 4257 882 4319 §22
900 4267 924 4308 et
942 4258 1024 4308 PrurL
1040 4262 1164 4321 5,111aq.
1183 4273 1308 4324 compago

158 4322 251 4372 donec
273 4332 374 4373 ossuum
393 4325 496 4374 divulsa
514 4327 675 4377 membratim
694 4334 781 4393 crepet
798 4325 889 4390 (indic.
907 4329 957 4392 sat.
976 4326 1098 4377 intellexit
1116 4322 1187 4390 Er).
