<?xml version="1.0" encoding="UTF-8"?>
<!DOCTYPE html PUBLIC "-//W3C//DTD XHTML 1.0 Transitional//EN"
    "http://www.w3.org/TR/xhtml1/DTD/xhtml1-transitional.dtd">
<html xmlns="http://www.w3.org/1999/xhtml" xml:lang="en" lang="en">
 <head>
  <title>
</title>
<meta http-equiv="Content-Type" content="text/html;charset=utf-8" />
  <meta name='ocr-system' content='tesseract 3.04.00' />
  <meta name='ocr-capabilities' content='ocr_page ocr_carea ocr_par ocr_line ocrx_word'/>
</head>
<body>
  <div class='ocr_page' id='page_1' title='image "./hrotsvithaeoper00hrotgoog/hrotsvithaeoper00hrotgoog_0167.png"; bbox 0 0 2970 4890; ppageno 0'>
   <div class='ocr_carea' id='block_1_1' title="bbox 169 331 943 391">
    <p class='ocr_par' dir='ltr' id='par_1_1' title="bbox 169 331 943 391">
     <span class='ocr_line' id='line_1_1' title="bbox 169 331 943 391; baseline -0.006 -2"><span class='ocrx_word' id='word_1_1' title='bbox 169 336 217 391; x_wconf 78' lang='lat' dir='ltr'>tut</span> <span class='ocrx_word' id='word_1_2' title='bbox 532 331 795 388; x_wconf 78' lang='lat' dir='ltr'>EROTSVITHAE</span> <span class='ocrx_word' id='word_1_3' title='bbox 814 331 943 387; x_wconf 81' lang='lat' dir='ltr'><strong>OPERA.</strong></span> 
     </span>
    </p>
   </div>
   <div class='ocr_carea' id='block_1_2' title="bbox 14 502 1340 1275">
    <p class='ocr_par' dir='ltr' id='par_1_2' title="bbox 19 502 1300 833">
     <span class='ocr_line' id='line_1_2' title="bbox 19 502 1299 594; baseline -0.005 -19"><span class='ocrx_word' id='word_1_4' title='bbox 19 505 80 594; x_wconf 78' lang='lat' dir='ltr'>{xl</span> <span class='ocrx_word' id='word_1_5' title='bbox 107 503 139 592; x_wconf 71' lang='grc' dir='ltr'>’ΔΙ</span> <span class='ocrx_word' id='word_1_6' title='bbox 252 510 393 571; x_wconf 70' lang='lat' dir='ltr'>listerus.</span> <span class='ocrx_word' id='word_1_7' title='bbox 438 503 558 581; x_wconf 83' lang='lat' dir='ltr'>Decet,</span> <span class='ocrx_word' id='word_1_8' title='bbox 586 505 680 568; x_wconf 87' lang='lat' dir='ltr'>utin</span> <span class='ocrx_word' id='word_1_9' title='bbox 706 503 809 567; x_wconf 78' lang='lat' dir='ltr'><strong>nostri</strong></span> <span class='ocrx_word' id='word_1_10' title='bbox 835 521 950 565; x_wconf 92' lang='lat' dir='ltr'>necem</span> <span class='ocrx_word' id='word_1_11' title='bbox 973 502 1181 588; x_wconf 75' lang='lat' dir='ltr'>obtemperes</span> <span class='ocrx_word' id='word_1_12' title='bbox 1207 503 1299 568; x_wconf 89' lang='lat' dir='ltr'>iussis</span> 
     </span>
     <span class='ocr_line' id='line_1_3' title="bbox 165 589 1300 679; baseline -0.003 -22"><span class='ocrx_word' id='word_1_13' title='bbox 165 591 209 659; x_wconf 84' lang='lat' dir='ltr'>tui</span> <span class='ocrx_word' id='word_1_14' title='bbox 233 591 447 679; x_wconf 66' lang='lat' dir='ltr'>imperatoris,</span> <span class='ocrx_word' id='word_1_15' title='bbox 467 594 472 670; x_wconf 93' lang='grc' dir='ltr'>Ι</span> <span class='ocrx_word' id='word_1_16' title='bbox 492 591 581 654; x_wconf 89' lang='lat' dir='ltr'>cuius</span> <span class='ocrx_word' id='word_1_17' title='bbox 609 611 668 654; x_wconf 91' lang='lat' dir='ltr'>nos</span> <span class='ocrx_word' id='word_1_18' title='bbox 695 589 828 654; x_wconf 88' lang='lat' dir='ltr'>decreta</span> <span class='ocrx_word' id='word_1_19' title='bbox 850 594 1078 673; x_wconf 82' lang='lat' dir='ltr'>contempnere</span> <span class='ocrx_word' id='word_1_20' title='bbox 1108 591 1228 662; x_wconf 66' lang='lat' dir='ltr'>nescim</span> <span class='ocrx_word' id='word_1_21' title='bbox 1248 591 1253 670; x_wconf 94' lang='grc' dir='ltr'>Ι</span> <span class='ocrx_word' id='word_1_22' title='bbox 1272 591 1300 654; x_wconf 89' lang='lat' dir='ltr'>si</span> 
     </span>
     <span class='ocr_line' id='line_1_4' title="bbox 164 675 1296 762; baseline -0.004 -17"><span class='ocrx_word' id='word_1_23' title='bbox 164 684 273 747; x_wconf 78' lang='lat' dir='ltr'>autem</span> <span class='ocrx_word' id='word_1_24' title='bbox 296 675 460 762; x_wconf 78' lang='lat' dir='ltr'>parcendo</span> <span class='ocrx_word' id='word_1_25' title='bbox 482 697 606 740; x_wconf 91' lang='lat' dir='ltr'>moram</span> <span class='ocrx_word' id='word_1_26' title='bbox 629 677 759 757; x_wconf 85' lang='lat' dir='ltr'>feceris,</span> <span class='ocrx_word' id='word_1_27' title='bbox 789 675 794 757; x_wconf 93' lang='grc' dir='ltr'>Ι</span> <span class='ocrx_word' id='word_1_28' title='bbox 826 695 965 758; x_wconf 91' lang='lat' dir='ltr'>aequum</span> <span class='ocrx_word' id='word_1_29' title='bbox 989 683 1052 756; x_wconf 88' lang='lat' dir='ltr'>est,</span> <span class='ocrx_word' id='word_1_30' title='bbox 1079 683 1115 739; x_wconf 90' lang='lat' dir='ltr'>ut</span> <span class='ocrx_word' id='word_1_31' title='bbox 1141 684 1177 740; x_wconf 90' lang='lat' dir='ltr'>tu</span> <span class='ocrx_word' id='word_1_32' title='bbox 1197 677 1296 740; x_wconf 87' lang='lat' dir='ltr'>inter·</span> 
     </span>
     <span class='ocr_line' id='line_1_5' title="bbox 165 761 289 833; baseline -0.024 -2"><span class='ocrx_word' id='word_1_33' title='bbox 165 761 289 833; x_wconf 70' lang='lat' dir='ltr'>telaria.</span> 
     </span>
    </p>

    <p class='ocr_par' dir='ltr' id='par_1_3' title="bbox 116 767 1340 1024">
     <span class='ocr_line' id='line_1_6' title="bbox 116 767 1340 932; baseline -0.001 -21"><span class='ocrx_word' id='word_1_34' title='bbox 116 855 134 911; x_wconf 79' lang='lat' dir='ltr'>:l</span> <span class='ocrx_word' id='word_1_35' title='bbox 246 767 405 916; x_wconf 72' lang='lat' dir='ltr'>Srsdrsrrs.</span> <span class='ocrx_word' id='word_1_36' title='bbox 463 844 536 910; x_wconf 82' lang='lat' dir='ltr'>Non</span> <span class='ocrx_word' id='word_1_37' title='bbox 559 845 709 925; x_wconf 86' lang='lat' dir='ltr'>tardetis,</span> <span class='ocrx_word' id='word_1_38' title='bbox 740 847 874 925; x_wconf 85' lang='lat' dir='ltr'>milites,</span> <span class='ocrx_word' id='word_1_39' title='bbox 905 867 970 909; x_wconf 92' lang='lat' dir='ltr'>non</span> <span class='ocrx_word' id='word_1_40' title='bbox 993 846 1143 918; x_wconf 86' lang='lat' dir='ltr'>tardetis;</span> <span class='ocrx_word' id='word_1_41' title='bbox 1163 847 1168 928; x_wconf 96' lang='grc' dir='ltr'>Ι</span> <span class='ocrx_word' id='word_1_42' title='bbox 1188 847 1296 932; x_wconf 86' lang='lat' dir='ltr'>eapite</span> <span class='ocrx_word' id='word_1_43' title='bbox 1328 858 1340 898; x_wconf 76' lang='lat'><strong>⁵</strong></span> 
     </span>
     <span class='ocr_line' id='line_1_7' title="bbox 160 932 1023 1024; baseline -0.009 -21"><span class='ocrx_word' id='word_1_44' title='bbox 160 936 367 1024; x_wconf 76' lang='lat' dir='ltr'>blasphemas</span> <span class='ocrx_word' id='word_1_45' title='bbox 390 933 448 999; x_wconf 85' lang='lat' dir='ltr'>bas</span> <span class='ocrx_word' id='word_1_46' title='bbox 467 932 473 1016; x_wconf 92' lang='grc' dir='ltr'>Ι</span> <span class='ocrx_word' id='word_1_47' title='bbox 493 940 526 996; x_wconf 92' lang='lat' dir='ltr'>et</span> <span class='ocrx_word' id='word_1_48' title='bbox 548 934 580 996; x_wconf 94' lang='lat' dir='ltr'>in</span> <span class='ocrx_word' id='word_1_49' title='bbox 602 933 711 1016; x_wconf 88' lang='lat' dir='ltr'>ignem</span> <span class='ocrx_word' id='word_1_50' title='bbox 734 932 869 1016; x_wconf 83' lang='lat' dir='ltr'>proicite</span> <span class='ocrx_word' id='word_1_51' title='bbox 891 933 997 996; x_wconf 79' lang='lat' dir='ltr'>vivas!</span> <span class='ocrx_word' id='word_1_52' title='bbox 1018 939 1023 1010; x_wconf 92' lang='grc' dir='ltr'>Ι</span> 
     </span>
    </p>

    <p class='ocr_par' dir='ltr' id='par_1_4' title="bbox 14 1018 1297 1182">
     <span class='ocr_line' id='line_1_8' title="bbox 14 1018 1297 1107; baseline -0.005 -19"><span class='ocrx_word' id='word_1_53' title='bbox 14 1052 75 1107; x_wconf 70' lang='lat' dir='ltr'>pop.</span> <span class='ocrx_word' id='word_1_54' title='bbox 88 1040 143 1089; x_wconf 80' lang='lat' dir='ltr'>tac.</span> <span class='ocrx_word' id='word_1_55' title='bbox 249 1042 375 1087; x_wconf 75' lang='lat' dir='ltr'>uramus.</span> <span class='ocrx_word' id='word_1_56' title='bbox 423 1019 582 1084; x_wconf 78' lang='lat' dir='ltr'>Instemus</span> <span class='ocrx_word' id='word_1_57' title='bbox 605 1018 826 1082; x_wconf 79' lang='lat' dir='ltr'>construendis</span> <span class='ocrx_word' id='word_1_58' title='bbox 848 1019 934 1102; x_wconf 80' lang='lat' dir='ltr'>rogis</span> <span class='ocrx_word' id='word_1_59' title='bbox 955 1019 959 1101; x_wconf 92' lang='grc' dir='ltr'>Ι</span> <span class='ocrx_word' id='word_1_60' title='bbox 980 1026 1013 1082; x_wconf 92' lang='lat' dir='ltr'>et</span> <span class='ocrx_word' id='word_1_61' title='bbox 1039 1018 1203 1082; x_wconf 86' lang='lat' dir='ltr'>tradamus</span> <span class='ocrx_word' id='word_1_62' title='bbox 1224 1018 1297 1083; x_wconf 88' lang='lat' dir='ltr'>illas</span> 
     </span>
     <span class='ocr_line' id='line_1_9' title="bbox 161 1104 1117 1182; baseline -0.008 -8"><span class='ocrx_word' id='word_1_63' title='bbox 161 1106 374 1174; x_wconf 72' lang='lat' dir='ltr'>bachantibus</span> <span class='ocrx_word' id='word_1_64' title='bbox 397 1106 542 1172; x_wconf 79' lang='lat' dir='ltr'>flammis.</span> <span class='ocrx_word' id='word_1_65' title='bbox 563 1110 567 1182; x_wconf 95' lang='grc' dir='ltr'>Ι</span> <span class='ocrx_word' id='word_1_66' title='bbox 610 1125 652 1167; x_wconf 92' lang='lat' dir='ltr'>uo</span> <span class='ocrx_word' id='word_1_67' title='bbox 675 1105 771 1168; x_wconf 89' lang='lat' dir='ltr'>finem</span> <span class='ocrx_word' id='word_1_68' title='bbox 796 1104 908 1167; x_wconf 91' lang='lat' dir='ltr'>demus</span> <span class='ocrx_word' id='word_1_69' title='bbox 931 1104 1117 1178; x_wconf 77' lang='lat' dir='ltr'>conviciis!</span> 
     </span>
    </p>

    <p class='ocr_par' dir='ltr' id='par_1_5' title="bbox 116 1125 1295 1275">
     <span class='ocr_line' id='line_1_10' title="bbox 116 1125 1295 1275; baseline 0 -22"><span class='ocrx_word' id='word_1_70' title='bbox 116 1193 134 1253; x_wconf 79' lang='lat' dir='ltr'>l</span> <span class='ocrx_word' id='word_1_71' title='bbox 246 1193 380 1257; x_wconf 63' lang='lat' dir='ltr'>⁴datarus.</span> <span class='ocrx_word' id='word_1_72' title='bbox 411 1191 485 1256; x_wconf 90' lang='lat' dir='ltr'>Non</span> <span class='ocrx_word' id='word_1_73' title='bbox 502 1190 570 1270; x_wconf 87' lang='lat' dir='ltr'>tibi,</span> <span class='ocrx_word' id='word_1_74' title='bbox 587 1125 725 1271; x_wconf 85' lang='lat' dir='ltr'>domine,</span> <span class='ocrx_word' id='word_1_75' title='bbox 742 1211 806 1253; x_wconf 93' lang='lat' dir='ltr'>non</span> <span class='ocrx_word' id='word_1_76' title='bbox 821 1190 880 1253; x_wconf 93' lang='lat' dir='ltr'>tibi</span> <span class='ocrx_word' id='word_1_77' title='bbox 896 1190 978 1254; x_wconf 93' lang='lat' dir='ltr'>haec</span> <span class='ocrx_word' id='word_1_78' title='bbox 994 1191 1141 1275; x_wconf 89' lang='lat' dir='ltr'>potentia</span> <span class='ocrx_word' id='word_1_79' title='bbox 1156 1190 1295 1271; x_wconf 72' lang='lat' dir='ltr'>insolita,</span> 
     </span>
    </p>
   </div>
   <div class='ocr_carea' id='block_1_3' title="bbox 160 1276 1340 1534">
    <p class='ocr_par' dir='ltr' id='par_1_6' title="bbox 160 1276 1340 1534">
     <span class='ocr_line' id='line_1_11' title="bbox 160 1276 1340 1362; baseline -0.005 -17"><span class='ocrx_word' id='word_1_80' title='bbox 160 1287 196 1345; x_wconf 83' lang='lat' dir='ltr'>ut</span> <span class='ocrx_word' id='word_1_81' title='bbox 224 1278 307 1362; x_wconf 52' lang='lat' dir='ltr'>Quis</span> <span class='ocrx_word' id='word_1_82' title='bbox 334 1278 397 1341; x_wconf 82' lang='lat' dir='ltr'>rim</span> <span class='ocrx_word' id='word_1_83' title='bbox 426 1277 551 1341; x_wconf 84' lang='lat' dir='ltr'>virtutis</span> <span class='ocrx_word' id='word_1_84' title='bbox 579 1296 657 1339; x_wconf 91' lang='lat' dir='ltr'>suae</span> <span class='ocrx_word' id='word_1_85' title='bbox 688 1277 910 1354; x_wconf 85' lang='lat' dir='ltr'>obliviscatur,</span> <span class='ocrx_word' id='word_1_86' title='bbox 941 1277 1000 1341; x_wconf 92' lang='lat' dir='ltr'>tibi</span> <span class='ocrx_word' id='word_1_87' title='bbox 1028 1276 1293 1360; x_wconf 88' lang='lat' dir='ltr'>obtemperando.</span> <span class='ocrx_word' id='word_1_88' title='bbox 1315 1289 1340 1327; x_wconf 85' lang='lat'>¹⁰</span> 
     </span>
     <span class='ocr_line' id='line_1_12' title="bbox 161 1361 1298 1446; baseline -0.003 -17"><span class='ocrx_word' id='word_1_89' title='bbox 161 1362 227 1433; x_wconf 72' lang='lat' dir='ltr'>fied</span> <span class='ocrx_word' id='word_1_90' title='bbox 256 1361 367 1429; x_wconf 72' lang='lat' dir='ltr'>aeder</span> <span class='ocrx_word' id='word_1_91' title='bbox 395 1384 454 1427; x_wconf 91' lang='lat' dir='ltr'>uos</span> <span class='ocrx_word' id='word_1_92' title='bbox 484 1382 662 1435; x_wconf 88' lang='lat' dir='ltr'>morarum;</span> <span class='ocrx_word' id='word_1_93' title='bbox 683 1365 688 1444; x_wconf 93' lang='grc' dir='ltr'>Ι</span> <span class='ocrx_word' id='word_1_94' title='bbox 708 1362 782 1425; x_wconf 90' lang='lat' dir='ltr'>ideo</span> <span class='ocrx_word' id='word_1_95' title='bbox 809 1383 975 1446; x_wconf 85' lang='lat' dir='ltr'>rogamus,</span> <span class='ocrx_word' id='word_1_96' title='bbox 1010 1363 1090 1426; x_wconf 88' lang='lat' dir='ltr'>solvi</span> <span class='ocrx_word' id='word_1_97' title='bbox 1120 1362 1298 1426; x_wconf 87' lang='lat' dir='ltr'>retinacula</span> 
     </span>
     <span class='ocr_line' id='line_1_13' title="bbox 161 1447 1297 1534; baseline -0.002 -19"><span class='ocrx_word' id='word_1_98' title='bbox 161 1449 354 1523; x_wconf 78' lang='lat' dir='ltr'>animarum,</span> <span class='ocrx_word' id='word_1_99' title='bbox 381 1450 386 1529; x_wconf 91' lang='grc' dir='ltr'>Ι</span> <span class='ocrx_word' id='word_1_100' title='bbox 411 1470 474 1534; x_wconf 90' lang='lat' dir='ltr'>quo</span> <span class='ocrx_word' id='word_1_101' title='bbox 508 1448 657 1511; x_wconf 84' lang='lat' dir='ltr'>extinctis</span> <span class='ocrx_word' id='word_1_102' title='bbox 687 1449 873 1533; x_wconf 85' lang='lat' dir='ltr'>corporibus</span> <span class='ocrx_word' id='word_1_103' title='bbox 901 1453 906 1528; x_wconf 93' lang='grc' dir='ltr'>Ι</span> <span class='ocrx_word' id='word_1_104' title='bbox 933 1455 1040 1513; x_wconf 90' lang='lat' dir='ltr'>tecum</span> <span class='ocrx_word' id='word_1_105' title='bbox 1077 1447 1234 1534; x_wconf 83' lang='lat' dir='ltr'>plaudent</span> <span class='ocrx_word' id='word_1_106' title='bbox 1264 1450 1297 1513; x_wconf 93' lang='lat' dir='ltr'>in</span> 
     </span>
    </p>
   </div>
   <div class='ocr_carea' id='block_1_4' title="bbox 115 1533 1294 1704">
    <p class='ocr_par' dir='ltr' id='par_1_7' title="bbox 115 1533 1294 1704">
     <span class='ocr_line' id='line_1_14' title="bbox 160 1533 580 1612; baseline -0.014 -11"><span class='ocrx_word' id='word_1_107' title='bbox 160 1533 273 1603; x_wconf 73' lang='lat' dir='ltr'>aethre</span> <span class='ocrx_word' id='word_1_108' title='bbox 295 1534 395 1598; x_wconf 87' lang='lat' dir='ltr'>nostri</span> <span class='ocrx_word' id='word_1_109' title='bbox 418 1557 433 1596; x_wconf 90' lang='lat' dir='ltr'>s</span> <span class='ocrx_word' id='word_1_110' title='bbox 457 1535 580 1612; x_wconf 75' lang='lat' dir='ltr'>itibus!</span> 
     </span>
     <span class='ocr_line' id='line_1_15' title="bbox 115 1556 1294 1704; baseline 0 -20"><span class='ocrx_word' id='word_1_111' title='bbox 115 1616 134 1675; x_wconf 69' lang='lat'><strong>5</strong></span> <span class='ocrx_word' id='word_1_112' title='bbox 246 1640 373 1685; x_wconf 77' lang='lat' dir='ltr'>urruns.</span> <span class='ocrx_word' id='word_1_113' title='bbox 424 1556 610 1698; x_wconf 64' lang='lat' dir='ltr'>ducrum,</span> <span class='ocrx_word' id='word_1_114' title='bbox 637 1621 641 1700; x_wconf 97' lang='grc' dir='ltr'>Ι</span> <span class='ocrx_word' id='word_1_115' title='bbox 667 1641 685 1684; x_wconf 94' lang='lat'>0</span> <span class='ocrx_word' id='word_1_116' title='bbox 713 1621 908 1704; x_wconf 89' lang='lat' dir='ltr'>stupendum</span> <span class='ocrx_word' id='word_1_117' title='bbox 938 1622 1141 1684; x_wconf 82' lang='lat' dir='ltr'>miraculum!</span> <span class='ocrx_word' id='word_1_118' title='bbox 1168 1622 1172 1694; x_wconf 87' lang='lat' dir='ltr'>l</span> <span class='ocrx_word' id='word_1_119' title='bbox 1197 1619 1294 1701; x_wconf 81' lang='lat' dir='ltr'>Ecce,</span> 
     </span>
    </p>
   </div>
   <div class='ocr_carea' id='block_1_5' title="bbox 158 1708 1337 2039">
    <p class='ocr_par' dir='ltr' id='par_1_8' title="bbox 158 1708 1337 1962">
     <span class='ocr_line' id='line_1_16' title="bbox 160 1708 1337 1792; baseline -0.002 -20"><span class='ocrx_word' id='word_1_120' title='bbox 160 1708 286 1773; x_wconf 68' lang='lat' dir='ltr'>amulae</span> <span class='ocrx_word' id='word_1_121' title='bbox 303 1725 455 1790; x_wconf 87' lang='lat' dir='ltr'>egressae</span> <span class='ocrx_word' id='word_1_122' title='bbox 479 1715 552 1769; x_wconf 91' lang='lat' dir='ltr'>sunt</span> <span class='ocrx_word' id='word_1_123' title='bbox 567 1727 717 1791; x_wconf 89' lang='lat' dir='ltr'>corpora:</span> <span class='ocrx_word' id='word_1_124' title='bbox 738 1718 742 1780; x_wconf 98' lang='grc' dir='ltr'>Ι</span> <span class='ocrx_word' id='word_1_125' title='bbox 763 1714 796 1770; x_wconf 90' lang='lat' dir='ltr'>et</span> <span class='ocrx_word' id='word_1_126' title='bbox 819 1708 906 1771; x_wconf 87' lang='lat' dir='ltr'>nulla</span> <span class='ocrx_word' id='word_1_127' title='bbox 928 1708 1080 1771; x_wconf 89' lang='lat' dir='ltr'>laesionis</span> <span class='ocrx_word' id='word_1_128' title='bbox 1101 1709 1293 1792; x_wconf 91' lang='lat' dir='ltr'>repperiun-</span> <span class='ocrx_word' id='word_1_129' title='bbox 1313 1717 1337 1754; x_wconf 77' lang='lat'>¹⁵</span> 
     </span>
     <span class='ocr_line' id='line_1_17' title="bbox 159 1791 1297 1878; baseline -0.003 -19"><span class='ocrx_word' id='word_1_130' title='bbox 159 1800 209 1859; x_wconf 84' lang='lat' dir='ltr'>tur</span> <span class='ocrx_word' id='word_1_131' title='bbox 234 1792 390 1874; x_wconf 78' lang='lat' dir='ltr'>vestigia?</span> <span class='ocrx_word' id='word_1_132' title='bbox 410 1799 415 1865; x_wconf 94' lang='grc' dir='ltr'>Ι</span> <span class='ocrx_word' id='word_1_133' title='bbox 435 1791 493 1854; x_wconf 89' lang='lat' dir='ltr'>sed</span> <span class='ocrx_word' id='word_1_134' title='bbox 516 1813 576 1855; x_wconf 91' lang='lat' dir='ltr'>nec</span> <span class='ocrx_word' id='word_1_135' title='bbox 600 1793 717 1877; x_wconf 85' lang='lat' dir='ltr'>capilli.</span> <span class='ocrx_word' id='word_1_136' title='bbox 741 1814 802 1857; x_wconf 90' lang='lat' dir='ltr'>nec</span> <span class='ocrx_word' id='word_1_137' title='bbox 818 1795 1011 1857; x_wconf 82' lang='lat' dir='ltr'>vestimenta</span> <span class='ocrx_word' id='word_1_138' title='bbox 1030 1797 1034 1875; x_wconf 87' lang='grc' dir='ltr'>Ι</span> <span class='ocrx_word' id='word_1_139' title='bbox 1055 1794 1096 1858; x_wconf 90' lang='lat' dir='ltr'>ab</span> <span class='ocrx_word' id='word_1_140' title='bbox 1120 1795 1198 1878; x_wconf 84' lang='lat' dir='ltr'>igne</span> <span class='ocrx_word' id='word_1_141' title='bbox 1222 1800 1297 1857; x_wconf 89' lang='lat' dir='ltr'>sunt</span> 
     </span>
     <span class='ocr_line' id='line_1_18' title="bbox 158 1877 747 1962; baseline -0.008 -17"><span class='ocrx_word' id='word_1_142' title='bbox 158 1877 316 1954; x_wconf 78' lang='lat' dir='ltr'>ambusta,</span> <span class='ocrx_word' id='word_1_143' title='bbox 338 1890 342 1951; x_wconf 94' lang='grc' dir='ltr'>Ι</span> <span class='ocrx_word' id='word_1_144' title='bbox 363 1898 425 1962; x_wconf 92' lang='lat' dir='ltr'>quo</span> <span class='ocrx_word' id='word_1_145' title='bbox 448 1879 553 1940; x_wconf 91' lang='lat' dir='ltr'>minus</span> <span class='ocrx_word' id='word_1_146' title='bbox 577 1898 721 1961; x_wconf 88' lang='lat' dir='ltr'>corpora.</span> <span class='ocrx_word' id='word_1_147' title='bbox 743 1883 747 1956; x_wconf 91' lang='grc' dir='ltr'>Ι</span> 
     </span>
    </p>

    <p class='ocr_par' dir='ltr' id='par_1_9' title="bbox 245 1961 818 2039">
     <span class='ocr_line' id='line_1_19' title="bbox 245 1961 818 2039; baseline 0.002 -14"><span class='ocrx_word' id='word_1_148' title='bbox 245 1961 404 2028; x_wconf 72' lang='lat' dir='ltr'>Susianae.</span> <span class='ocrx_word' id='word_1_149' title='bbox 451 1964 600 2027; x_wconf 85' lang='lat' dir='ltr'>Proferte</span> <span class='ocrx_word' id='word_1_150' title='bbox 624 1964 791 2027; x_wconf 89' lang='lat' dir='ltr'>Hirenam.</span> <span class='ocrx_word' id='word_1_151' title='bbox 813 1972 818 2039; x_wconf 97' lang='grc' dir='ltr'>Ι</span> 
     </span>
    </p>
   </div>
   <div class='ocr_carea' id='block_1_6' title="bbox 623 2137 828 2146">
    <p class='ocr_par' dir='ltr' id='par_1_10' title="bbox 623 2137 828 2146">
     <span class='ocr_line' id='line_1_20' title="bbox 623 2137 828 2146; baseline 0.01 -2"><span class='ocrx_word' id='word_1_152' title='bbox 623 2137 828 2146; x_wconf 81' lang='lat'>——</span> 
     </span>
    </p>
   </div>
   <div class='ocr_carea' id='block_1_7' title="bbox 5 2216 1413 3680">
    <p class='ocr_par' dir='ltr' id='par_1_11' title="bbox 5 2216 1413 3680">
     <span class='ocr_line' id='line_1_21' title="bbox 24 2216 573 2298; baseline -0.033 -1"><span class='ocrx_word' id='word_1_153' title='bbox 24 2222 131 2298; x_wconf 70' lang='lat' dir='ltr'>Xlll</span> <span class='ocrx_word' id='word_1_154' title='bbox 246 2237 372 2282; x_wconf 79' lang='lat' dir='ltr'>ururrcs.</span> <span class='ocrx_word' id='word_1_155' title='bbox 419 2216 573 2292; x_wconf 81' lang='lat' dir='ltr'>Eccuml</span> 
     </span>
     <span class='ocr_line' id='line_1_22' title="bbox 246 2301 1338 2388; baseline 0.007 -23"><span class='ocrx_word' id='word_1_156' title='bbox 246 2301 401 2368; x_wconf 81' lang='lat' dir='ltr'>Srsruurus.</span> <span class='ocrx_word' id='word_1_157' title='bbox 438 2302 647 2382; x_wconf 88' lang='lat' dir='ltr'>Pertimesce,</span> <span class='ocrx_word' id='word_1_158' title='bbox 664 2302 797 2385; x_wconf 86' lang='lat' dir='ltr'>Hirena,</span> <span class='ocrx_word' id='word_1_159' title='bbox 820 2325 933 2369; x_wconf 86' lang='lat' dir='ltr'>necem</span> <span class='ocrx_word' id='word_1_160' title='bbox 957 2329 1111 2388; x_wconf 85' lang='lat' dir='ltr'>sororum,</span> <span class='ocrx_word' id='word_1_161' title='bbox 1132 2313 1137 2388; x_wconf 92' lang='grc' dir='ltr'>Ι</span> <span class='ocrx_word' id='word_1_162' title='bbox 1157 2315 1191 2372; x_wconf 92' lang='lat' dir='ltr'>et</span> <span class='ocrx_word' id='word_1_163' title='bbox 1213 2329 1293 2372; x_wconf 79' lang='lat' dir='ltr'>eave</span> <span class='ocrx_word' id='word_1_164' title='bbox 1311 2325 1338 2364; x_wconf 73' lang='lat'>²⁰</span> 
     </span>
     <span class='ocr_line' id='line_1_23' title="bbox 159 2390 625 2479; baseline -0.009 -24"><span class='ocrx_word' id='word_1_165' title='bbox 159 2390 264 2479; x_wconf 86' lang='lat' dir='ltr'>perire</span> <span class='ocrx_word' id='word_1_166' title='bbox 289 2391 440 2474; x_wconf 82' lang='lat' dir='ltr'>exemplo</span> <span class='ocrx_word' id='word_1_167' title='bbox 464 2390 599 2452; x_wconf 91' lang='lat' dir='ltr'>illarum.</span> <span class='ocrx_word' id='word_1_168' title='bbox 621 2390 625 2466; x_wconf 95' lang='grc' dir='ltr'>Ι</span> 
     </span>
     <span class='ocr_line' id='line_1_24' title="bbox 244 2474 1291 2565; baseline 0.007 -28"><span class='ocrx_word' id='word_1_169' title='bbox 244 2474 376 2538; x_wconf 77' lang='lat' dir='ltr'>llrauus.</span> <span class='ocrx_word' id='word_1_170' title='bbox 423 2475 509 2560; x_wconf 90' lang='lat' dir='ltr'>Opto</span> <span class='ocrx_word' id='word_1_171' title='bbox 538 2476 723 2559; x_wconf 84' lang='lat' dir='ltr'>exemplum</span> <span class='ocrx_word' id='word_1_172' title='bbox 755 2496 866 2539; x_wconf 90' lang='lat' dir='ltr'>earum</span> <span class='ocrx_word' id='word_1_173' title='bbox 889 2478 1057 2543; x_wconf 91' lang='lat' dir='ltr'>moriendo</span> <span class='ocrx_word' id='word_1_174' title='bbox 1081 2481 1181 2565; x_wconf 82' lang='lat' dir='ltr'>sequi,</span> <span class='ocrx_word' id='word_1_175' title='bbox 1203 2481 1207 2561; x_wconf 93' lang='grc' dir='ltr'>Ι</span> <span class='ocrx_word' id='word_1_176' title='bbox 1228 2502 1291 2565; x_wconf 92' lang='lat' dir='ltr'>quo</span> 
     </span>
     <span class='ocr_line' id='line_1_25' title="bbox 156 2563 854 2642; baseline -0.001 -15"><span class='ocrx_word' id='word_1_177' title='bbox 156 2581 284 2627; x_wconf 86' lang='lat' dir='ltr'>merear</span> <span class='ocrx_word' id='word_1_178' title='bbox 306 2582 378 2624; x_wconf 92' lang='lat' dir='ltr'>eum</span> <span class='ocrx_word' id='word_1_179' title='bbox 402 2563 451 2625; x_wconf 93' lang='lat' dir='ltr'>his</span> <span class='ocrx_word' id='word_1_180' title='bbox 473 2563 681 2625; x_wconf 89' lang='lat' dir='ltr'>aeternaliter</span> <span class='ocrx_word' id='word_1_181' title='bbox 703 2563 827 2626; x_wconf 86' lang='lat' dir='ltr'>laetari.</span> <span class='ocrx_word' id='word_1_182' title='bbox 849 2568 854 2642; x_wconf 95' lang='grc' dir='ltr'>Ι</span> 
     </span>
     <span class='ocr_line' id='line_1_26' title="bbox 244 2647 1413 2733; baseline 0.006 -23"><span class='ocrx_word' id='word_1_183' title='bbox 244 2647 401 2713; x_wconf 80' lang='lat' dir='ltr'>Srsmurrs.</span> <span class='ocrx_word' id='word_1_184' title='bbox 448 2647 547 2722; x_wconf 84' lang='lat' dir='ltr'>Cede,</span> <span class='ocrx_word' id='word_1_185' title='bbox 571 2648 653 2712; x_wconf 88' lang='lat' dir='ltr'>cede</span> <span class='ocrx_word' id='word_1_186' title='bbox 675 2669 769 2712; x_wconf 91' lang='lat' dir='ltr'>meae</span> <span class='ocrx_word' id='word_1_187' title='bbox 793 2650 968 2733; x_wconf 66' lang='lat' dir='ltr'>suasioni!</span> <span class='ocrx_word' id='word_1_188' title='bbox 1306 2652 1413 2717; x_wconf 49' lang='grc' dir='ltr'>ΜΨ</span> 
     </span>
     <span class='ocr_line' id='line_1_27' title="bbox 242 2733 1333 2812; baseline 0.003 -16"><span class='ocrx_word' id='word_1_189' title='bbox 242 2733 374 2798; x_wconf 73' lang='lat' dir='ltr'>Hlarus.</span> <span class='ocrx_word' id='word_1_190' title='bbox 420 2734 510 2797; x_wconf 90' lang='lat' dir='ltr'>Haut</span> <span class='ocrx_word' id='word_1_191' title='bbox 533 2734 647 2798; x_wconf 91' lang='lat' dir='ltr'>cedam</span> <span class='ocrx_word' id='word_1_192' title='bbox 670 2736 793 2798; x_wconf 88' lang='lat' dir='ltr'>facinus</span> <span class='ocrx_word' id='word_1_193' title='bbox 816 2736 999 2812; x_wconf 66' lang='lat' dir='ltr'>suadenti!</span> <span class='ocrx_word' id='word_1_194' title='bbox 1308 2751 1333 2788; x_wconf 68' lang='lat'>²⁵</span> 
     </span>
     <span class='ocr_line' id='line_1_28' title="bbox 111 2812 1289 2907; baseline 0.003 -26"><span class='ocrx_word' id='word_1_195' title='bbox 111 2812 129 2873; x_wconf 64' lang='grc' dir='ltr'><em>Ἰ</em></span> <span class='ocrx_word' id='word_1_196' title='bbox 243 2820 399 2885; x_wconf 77' lang='lat' dir='ltr'>Srsruarus</span> <span class='ocrx_word' id='word_1_197' title='bbox 455 2820 488 2883; x_wconf 80' lang='lat' dir='ltr'>si</span> <span class='ocrx_word' id='word_1_198' title='bbox 521 2842 585 2884; x_wconf 91' lang='lat' dir='ltr'>non</span> <span class='ocrx_word' id='word_1_199' title='bbox 614 2823 763 2900; x_wconf 90' lang='lat' dir='ltr'>cesseris,</span> <span class='ocrx_word' id='word_1_200' title='bbox 798 2843 861 2885; x_wconf 94' lang='lat' dir='ltr'>non</span> <span class='ocrx_word' id='word_1_201' title='bbox 895 2824 992 2886; x_wconf 92' lang='lat' dir='ltr'>citum</span> <span class='ocrx_word' id='word_1_202' title='bbox 1026 2824 1084 2886; x_wconf 91' lang='lat' dir='ltr'>tibi</span> <span class='ocrx_word' id='word_1_203' title='bbox 1114 2823 1289 2907; x_wconf 85' lang='lat' dir='ltr'>praestabo</span> 
     </span>
     <span class='ocr_line' id='line_1_29' title="bbox 157 2906 1288 2993; baseline 0.001 -22"><span class='ocrx_word' id='word_1_204' title='bbox 157 2907 290 2981; x_wconf 78' lang='lat' dir='ltr'>exitum,</span> <span class='ocrx_word' id='word_1_205' title='bbox 314 2906 372 2970; x_wconf 88' lang='lat' dir='ltr'>sed</span> <span class='ocrx_word' id='word_1_206' title='bbox 395 2907 540 2970; x_wconf 87' lang='lat' dir='ltr'>differam</span> <span class='ocrx_word' id='word_1_207' title='bbox 567 2914 599 2970; x_wconf 90' lang='lat' dir='ltr'>et</span> <span class='ocrx_word' id='word_1_208' title='bbox 622 2928 706 2970; x_wconf 84' lang='lat' dir='ltr'>nova</span> <span class='ocrx_word' id='word_1_209' title='bbox 728 2909 761 2971; x_wconf 97' lang='lat' dir='ltr'>in</span> <span class='ocrx_word' id='word_1_210' title='bbox 784 2907 853 2971; x_wconf 91' lang='lat' dir='ltr'>dies</span> <span class='ocrx_word' id='word_1_211' title='bbox 876 2909 1035 2993; x_wconf 91' lang='lat' dir='ltr'>supplicia</span> <span class='ocrx_word' id='word_1_212' title='bbox 1057 2909 1288 2992; x_wconf 79' lang='lat' dir='ltr'>multiplicabo</span> 
     </span>
     <span class='ocr_line' id='line_1_30' title="bbox 189 2991 1288 3140; baseline 0.004 -86"><span class='ocrx_word' id='word_1_213' title='bbox 189 3078 209 3140; x_wconf 79' lang='lat' dir='ltr'>b</span> <span class='ocrx_word' id='word_1_214' title='bbox 242 2991 374 3057; x_wconf 79' lang='lat' dir='ltr'>Hrueur.</span> <span class='ocrx_word' id='word_1_215' title='bbox 421 2992 548 3065; x_wconf 84' lang='lat' dir='ltr'>Quanto</span> <span class='ocrx_word' id='word_1_216' title='bbox 572 2996 675 3057; x_wconf 91' lang='lat' dir='ltr'>acrius</span> <span class='ocrx_word' id='word_1_217' title='bbox 692 3001 853 3079; x_wconf 82' lang='lat' dir='ltr'>torqueor,</span> <span class='ocrx_word' id='word_1_218' title='bbox 874 2994 878 3077; x_wconf 93' lang='grc' dir='ltr'>Ι</span> <span class='ocrx_word' id='word_1_219' title='bbox 899 3002 988 3058; x_wconf 88' lang='lat' dir='ltr'>tanto</span> <span class='ocrx_word' id='word_1_220' title='bbox 1005 2996 1174 3079; x_wconf 86' lang='lat' dir='ltr'>gloriosius</span> <span class='ocrx_word' id='word_1_221' title='bbox 1196 2996 1288 3058; x_wconf 82' lang='lat' dir='ltr'>exal·</span> 
     </span>
     <span class='ocr_line' id='line_1_31' title="bbox 155 3079 283 3160; baseline -0.031 -16"><span class='ocrx_word' id='word_1_222' title='bbox 155 3084 187 3144; x_wconf 76' lang='lat' dir='ltr'>ta</span> <span class='ocrx_word' id='word_1_223' title='bbox 213 3079 283 3160; x_wconf 77' lang='lat' dir='ltr'>orl</span> 
     </span>
     <span class='ocr_line' id='line_1_32' title="bbox 5 3163 1334 3251; baseline 0.003 -27"><span class='ocrx_word' id='word_1_224' title='bbox 5 3182 67 3235; x_wconf 68' lang='lat' dir='ltr'>m·</span> <span class='ocrx_word' id='word_1_225' title='bbox 86 3173 135 3219; x_wconf 68' lang='lat' dir='ltr'>tlt·</span> <span class='ocrx_word' id='word_1_226' title='bbox 242 3163 399 3228; x_wconf 78' lang='lat' dir='ltr'>Srsrrsrus.</span> <span class='ocrx_word' id='word_1_227' title='bbox 447 3163 611 3248; x_wconf 85' lang='lat' dir='ltr'>Supplicia</span> <span class='ocrx_word' id='word_1_228' title='bbox 632 3186 696 3228; x_wconf 93' lang='lat' dir='ltr'>non</span> <span class='ocrx_word' id='word_1_229' title='bbox 712 3166 842 3228; x_wconf 88' lang='lat' dir='ltr'>metuis:</span> <span class='ocrx_word' id='word_1_230' title='bbox 864 3168 868 3247; x_wconf 93' lang='grc' dir='ltr'>Ι</span> <span class='ocrx_word' id='word_1_231' title='bbox 890 3164 1082 3244; x_wconf 82' lang='lat' dir='ltr'>admovebo,</span> <span class='ocrx_word' id='word_1_232' title='bbox 1106 3165 1192 3251; x_wconf 90' lang='lat' dir='ltr'>quod</span> <span class='ocrx_word' id='word_1_233' title='bbox 1213 3165 1287 3229; x_wconf 91' lang='lat' dir='ltr'>hor·</span> <span class='ocrx_word' id='word_1_234' title='bbox 1307 3191 1334 3229; x_wconf 80' lang='lat' dir='ltr'>ao</span> 
     </span>
     <span class='ocr_line' id='line_1_33' title="bbox 155 3251 287 3319; baseline -0.03 -5"><span class='ocrx_word' id='word_1_235' title='bbox 155 3251 287 3319; x_wconf 69' lang='lat' dir='ltr'>resciat</span> 
     </span>
     <span class='ocr_line' id='line_1_34' title="bbox 241 3334 1288 3419; baseline 0.003 -22"><span class='ocrx_word' id='word_1_236' title='bbox 241 3334 373 3398; x_wconf 72' lang='lat' dir='ltr'>Hlarus.</span> <span class='ocrx_word' id='word_1_237' title='bbox 422 3334 581 3419; x_wconf 84' lang='lat' dir='ltr'>Quicquid</span> <span class='ocrx_word' id='word_1_238' title='bbox 603 3337 761 3419; x_wconf 82' lang='lat' dir='ltr'>irrogabis</span> <span class='ocrx_word' id='word_1_239' title='bbox 784 3336 921 3416; x_wconf 83' lang='lat' dir='ltr'>adversi,</span> <span class='ocrx_word' id='word_1_240' title='bbox 943 3343 947 3419; x_wconf 93' lang='grc' dir='ltr'>Ι</span> <span class='ocrx_word' id='word_1_241' title='bbox 968 3337 1104 3401; x_wconf 82' lang='lat' dir='ltr'>evadam</span> <span class='ocrx_word' id='word_1_242' title='bbox 1128 3339 1288 3401; x_wconf 80' lang='lat' dir='ltr'>iuvamina</span> 
     </span>
     <span class='ocr_line' id='line_1_35' title="bbox 154 3421 307 3492; baseline 0 -8"><span class='ocrx_word' id='word_1_243' title='bbox 154 3421 307 3492; x_wconf 59' lang='lat' dir='ltr'>Obtinui</span> 
     </span>
     <span class='ocr_line' id='line_1_36' title="bbox 108 3505 1287 3595; baseline -0.003 -21"><span class='ocrx_word' id='word_1_244' title='bbox 108 3513 126 3574; x_wconf 76' lang='lat' dir='ltr'>li</span> <span class='ocrx_word' id='word_1_245' title='bbox 238 3508 394 3570; x_wconf 75' lang='lat' dir='ltr'>Srsrrurus</span> <span class='ocrx_word' id='word_1_246' title='bbox 434 3505 564 3568; x_wconf 89' lang='lat' dir='ltr'>Faciam</span> <span class='ocrx_word' id='word_1_247' title='bbox 587 3514 619 3571; x_wconf 89' lang='lat' dir='ltr'>te</span> <span class='ocrx_word' id='word_1_248' title='bbox 644 3506 684 3570; x_wconf 90' lang='lat' dir='ltr'>ad</span> <span class='ocrx_word' id='word_1_249' title='bbox 707 3508 843 3593; x_wconf 87' lang='lat' dir='ltr'>lupanar</span> <span class='ocrx_word' id='word_1_250' title='bbox 867 3509 949 3589; x_wconf 82' lang='lat' dir='ltr'>duci,</span> <span class='ocrx_word' id='word_1_251' title='bbox 969 3510 974 3591; x_wconf 96' lang='grc' dir='ltr'>Ι</span> <span class='ocrx_word' id='word_1_252' title='bbox 994 3530 1173 3595; x_wconf 87' lang='lat' dir='ltr'>corpusque</span> <span class='ocrx_word' id='word_1_253' title='bbox 1197 3515 1287 3572; x_wconf 88' lang='lat' dir='ltr'>tuum</span> 
     </span>
     <span class='ocr_line' id='line_1_37' title="bbox 154 3593 1331 3680; baseline -0.003 -21"><span class='ocrx_word' id='word_1_254' title='bbox 154 3594 289 3680; x_wconf 84' lang='lat' dir='ltr'>turpiter</span> <span class='ocrx_word' id='word_1_255' title='bbox 312 3593 517 3676; x_wconf 87' lang='lat' dir='ltr'>coinquinari.</span> <span class='ocrx_word' id='word_1_256' title='bbox 540 3605 543 3665; x_wconf 95' lang='grc' dir='ltr'>Ι</span> <span class='ocrx_word' id='word_1_257' title='bbox 1306 3625 1331 3665; x_wconf 67' lang='lat'>35</span> 
     </span>
    </p>
   </div>
   <div class='ocr_carea' id='block_1_8' title="bbox 151 3747 1286 3953">
    <p class='ocr_par' dir='ltr' id='par_1_12' title="bbox 151 3747 1286 3953">
     <span class='ocr_line' id='line_1_38' title="bbox 238 3747 1286 3818; baseline 0.002 -20"><span class='ocrx_word' id='word_1_258' title='bbox 238 3747 254 3798; x_wconf 75' lang='lat' dir='ltr'>b</span> <span class='ocrx_word' id='word_1_259' title='bbox 277 3749 360 3813; x_wconf 86' lang='lat' dir='ltr'>cupite</span> <span class='ocrx_word' id='word_1_260' title='bbox 383 3747 503 3797; x_wconf 64' lang='lat' dir='ltr'>Baruclu·</span> <span class='ocrx_word' id='word_1_261' title='bbox 527 3757 605 3813; x_wconf 84' lang='lat' dir='ltr'>caput</span> <span class='ocrx_word' id='word_1_262' title='bbox 627 3750 655 3799; x_wconf 81' lang='lat' dir='ltr'>in</span> <span class='ocrx_word' id='word_1_263' title='bbox 676 3767 766 3816; x_wconf 86' lang='lat' dir='ltr'>capere</span> <span class='ocrx_word' id='word_1_264' title='bbox 788 3768 855 3801; x_wconf 81' lang='lat' dir='ltr'>corr.</span> <span class='ocrx_word' id='word_1_265' title='bbox 878 3770 910 3801; x_wconf 86' lang='lat' dir='ltr'>m.</span> <span class='ocrx_word' id='word_1_266' title='bbox 926 3758 937 3801; x_wconf 86' lang='grc'><em>1</em></span> <span class='ocrx_word' id='word_1_267' title='bbox 956 3751 987 3799; x_wconf 83' lang='grc' dir='ltr'><em>Μ</em></span> <span class='ocrx_word' id='word_1_268' title='bbox 1005 3750 1019 3813; x_wconf 92' lang='grc'><em>(</em></span> <span class='ocrx_word' id='word_1_269' title='bbox 1034 3753 1039 3763; x_wconf 90' lang='grc'>’</span> <span class='ocrx_word' id='word_1_270' title='bbox 1049 3753 1071 3816; x_wconf 89' lang='grc'>),</span> <span class='ocrx_word' id='word_1_271' title='bbox 1091 3767 1181 3818; x_wconf 82' lang='lat' dir='ltr'>capere</span> <span class='ocrx_word' id='word_1_272' title='bbox 1195 3768 1228 3815; x_wconf 81' lang='lat' dir='ltr'>p,·</span> <span class='ocrx_word' id='word_1_273' title='bbox 1251 3752 1286 3816; x_wconf 69' lang='lat' dir='ltr'>cf.</span> 
     </span>
     <span class='ocr_line' id='line_1_39' title="bbox 151 3815 1286 3953; baseline 0.004 -87"><span class='ocrx_word' id='word_1_274' title='bbox 151 3817 332 3953; x_wconf 45' lang='grc' dir='ltr'>Ξίᾅίιξμίῶΐᾱξ</span> <span class='ocrx_word' id='word_1_275' title='bbox 344 3821 359 3866; x_wconf 75' lang='grc'>2</span> <span class='ocrx_word' id='word_1_276' title='bbox 440 3815 470 3867; x_wconf 83' lang='grc'>13</span> <span class='ocrx_word' id='word_1_277' title='bbox 488 3818 576 3868; x_wconf 87' lang='lat' dir='ltr'>aethre</span> <span class='ocrx_word' id='word_1_278' title='bbox 594 3819 629 3868; x_wconf 86' lang='lat' dir='ltr'>sic</span> <span class='ocrx_word' id='word_1_279' title='bbox 647 3819 680 3868; x_wconf 82' lang='grc' dir='ltr'><em>Μ</em></span> <span class='ocrx_word' id='word_1_280' title='bbox 752 3818 846 3885; x_wconf 69' lang='lat' dir='ltr'>llsqq.</span> <span class='ocrx_word' id='word_1_281' title='bbox 861 3830 920 3886; x_wconf 82' lang='lat' dir='ltr'>port</span> <span class='ocrx_word' id='word_1_282' title='bbox 938 3838 1043 3887; x_wconf 85' lang='lat' dir='ltr'>corpora</span> <span class='ocrx_word' id='word_1_283' title='bbox 1061 3822 1286 3886; x_wconf 71' lang='lat' dir='ltr'>interr-cyaticam</span> 
     </span>
    </p>
   </div>
   <div class='ocr_carea' id='block_1_9' title="bbox 150 4022 1284 4370">
    <p class='ocr_par' dir='ltr' id='par_1_13' title="bbox 150 4022 1284 4370">
     <span class='ocr_line' id='line_1_40' title="bbox 238 4022 1284 4093; baseline 0.003 -19"><span class='ocrx_word' id='word_1_284' title='bbox 238 4026 253 4074; x_wconf 79' lang='lat' dir='ltr'>ll</span> <span class='ocrx_word' id='word_1_285' title='bbox 277 4026 311 4090; x_wconf 78' lang='lat' dir='ltr'>cf.</span> <span class='ocrx_word' id='word_1_286' title='bbox 331 4022 423 4088; x_wconf 69' lang='lat' dir='ltr'>Sept</span> <span class='ocrx_word' id='word_1_287' title='bbox 440 4023 501 4083; x_wconf 78' lang='lat'>§24</span> <span class='ocrx_word' id='word_1_288' title='bbox 520 4031 544 4073; x_wconf 82' lang='lat' dir='ltr'>et</span> <span class='ocrx_word' id='word_1_289' title='bbox 561 4022 643 4074; x_wconf 86' lang='lat' dir='ltr'>Prud.</span> <span class='ocrx_word' id='word_1_290' title='bbox 661 4025 741 4089; x_wconf 80' lang='lat' dir='ltr'>steph.</span> <span class='ocrx_word' id='word_1_291' title='bbox 757 4029 777 4087; x_wconf 84' lang='lat'>7,</span> <span class='ocrx_word' id='word_1_292' title='bbox 788 4031 820 4076; x_wconf 78' lang='lat'>56</span> <span class='ocrx_word' id='word_1_293' title='bbox 841 4025 909 4077; x_wconf 86' lang='lat' dir='ltr'>‘lesu</span> <span class='ocrx_word' id='word_1_294' title='bbox 932 4023 1129 4093; x_wconf 85' lang='lat' dir='ltr'>cunctipotens‚’</span> <span class='ocrx_word' id='word_1_295' title='bbox 1144 4028 1188 4087; x_wconf 74' lang='lat' dir='ltr'>ait,</span> <span class='ocrx_word' id='word_1_296' title='bbox 1210 4024 1284 4077; x_wconf 88' lang='lat' dir='ltr'>‘haut</span> 
     </span>
     <span class='ocr_line' id='line_1_41' title="bbox 151 4093 1283 4159; baseline 0.002 -15"><span class='ocrx_word' id='word_1_297' title='bbox 151 4112 274 4159; x_wconf 75' lang='lat' dir='ltr'>urnquaru</span> <span class='ocrx_word' id='word_1_298' title='bbox 300 4095 345 4144; x_wconf 86' lang='lat' dir='ltr'>tibi</span> <span class='ocrx_word' id='word_1_299' title='bbox 370 4093 454 4158; x_wconf 84' lang='lat' dir='ltr'>gloria</span> <span class='ocrx_word' id='word_1_300' title='bbox 478 4093 540 4142; x_wconf 87' lang='lat' dir='ltr'>haec</span> <span class='ocrx_word' id='word_1_301' title='bbox 563 4102 603 4143; x_wconf 85' lang='lat' dir='ltr'>est</span> <span class='ocrx_word' id='word_1_302' title='bbox 626 4095 728 4145; x_wconf 87' lang='lat' dir='ltr'>insolita</span> <span class='ocrx_word' id='word_1_303' title='bbox 750 4104 796 4145; x_wconf 86' lang='lat' dir='ltr'>aut</span> <span class='ocrx_word' id='word_1_304' title='bbox 817 4113 885 4146; x_wconf 80' lang='lat' dir='ltr'>nora</span> <span class='ocrx_word' id='word_1_305' title='bbox 903 4134 909 4144; x_wconf 94' lang='lat'><strong>.</strong></span> <span class='ocrx_word' id='word_1_306' title='bbox 930 4133 935 4144; x_wconf 94' lang='lat'>.</span> <span class='ocrx_word' id='word_1_307' title='bbox 955 4131 961 4143; x_wconf 93' lang='lat'>.</span> <span class='ocrx_word' id='word_1_308' title='bbox 986 4095 1029 4157; x_wconf 82' lang='lat' dir='ltr'>(id.</span> <span class='ocrx_word' id='word_1_309' title='bbox 1048 4114 1070 4147; x_wconf 86' lang='lat' dir='ltr'>o.</span> <span class='ocrx_word' id='word_1_310' title='bbox 1087 4096 1131 4158; x_wconf 75' lang='lat'>79)</span> <span class='ocrx_word' id='word_1_311' title='bbox 1152 4095 1283 4152; x_wconf 77' lang='lat' dir='ltr'>absolvas,</span> 
     </span>
     <span class='ocr_line' id='line_1_42' title="bbox 160 4158 1281 4230; baseline -0.002 -15"><span class='ocrx_word' id='word_1_312' title='bbox 160 4182 245 4216; x_wconf 62' lang='lat' dir='ltr'>trecor.</span> <span class='ocrx_word' id='word_1_313' title='bbox 265 4165 366 4228; x_wconf 84' lang='lat' dir='ltr'>optime,</span> <span class='ocrx_word' id='word_1_314' title='bbox 385 4164 462 4212; x_wconf 89' lang='lat' dir='ltr'>huius</span> <span class='ocrx_word' id='word_1_315' title='bbox 475 4178 544 4211; x_wconf 89' lang='lat' dir='ltr'>nunc</span> <span class='ocrx_word' id='word_1_316' title='bbox 563 4164 663 4213; x_wconf 85' lang='lat' dir='ltr'>animae</span> <span class='ocrx_word' id='word_1_317' title='bbox 676 4158 775 4214; x_wconf 56' lang='lat' dir='ltr'>moras?</span> <span class='ocrx_word' id='word_1_318' title='bbox 844 4163 879 4214; x_wconf 78' lang='lat'>20</span> <span class='ocrx_word' id='word_1_319' title='bbox 896 4167 930 4230; x_wconf 71' lang='lat' dir='ltr'>cs.</span> <span class='ocrx_word' id='word_1_320' title='bbox 951 4164 1042 4229; x_wconf 69' lang='lat' dir='ltr'>Sarped</span> <span class='ocrx_word' id='word_1_321' title='bbox 1060 4166 1125 4226; x_wconf 75' lang='lat' dir='ltr'>§ra</span> <span class='ocrx_word' id='word_1_322' title='bbox 1195 4162 1229 4214; x_wconf 77' lang='lat'>26</span> <span class='ocrx_word' id='word_1_323' title='bbox 1247 4167 1281 4230; x_wconf 82' lang='lat' dir='ltr'>cs.</span> 
     </span>
     <span class='ocr_line' id='line_1_43' title="bbox 150 4182 1282 4299; baseline 0.001 -17"><span class='ocrx_word' id='word_1_324' title='bbox 150 4182 231 4282; x_wconf 67' lang='lat' dir='ltr'>l&#39;rrrrl.</span> <span class='ocrx_word' id='word_1_325' title='bbox 246 4233 322 4297; x_wconf 82' lang='lat' dir='ltr'>steplr.</span> <span class='ocrx_word' id='word_1_326' title='bbox 336 4235 417 4293; x_wconf 80' lang='lat'><strong><em>2,333</em></strong></span> <span class='ocrx_word' id='word_1_327' title='bbox 435 4233 478 4283; x_wconf 91' lang='lat' dir='ltr'>sed</span> <span class='ocrx_word' id='word_1_328' title='bbox 497 4249 547 4282; x_wconf 91' lang='lat' dir='ltr'>nou</span> <span class='ocrx_word' id='word_1_329' title='bbox 562 4233 656 4282; x_wconf 87' lang='lat' dir='ltr'>volenti</span> <span class='ocrx_word' id='word_1_330' title='bbox 674 4234 816 4298; x_wconf 82' lang='lat' dir='ltr'>impertiam</span> <span class='ocrx_word' id='word_1_331' title='bbox 830 4244 973 4299; x_wconf 87' lang='lat' dir='ltr'>praestetur</span> <span class='ocrx_word' id='word_1_332' title='bbox 992 4245 1020 4285; x_wconf 91' lang='lat' dir='ltr'>ut</span> <span class='ocrx_word' id='word_1_333' title='bbox 1033 4236 1120 4285; x_wconf 83' lang='lat' dir='ltr'>mortis</span> <span class='ocrx_word' id='word_1_334' title='bbox 1136 4236 1202 4285; x_wconf 81' lang='lat' dir='ltr'>citae</span> <span class='ocrx_word' id='word_1_335' title='bbox 1215 4251 1282 4284; x_wconf 89' lang='lat' dir='ltr'>com·</span> 
     </span>
     <span class='ocr_line' id='line_1_44' title="bbox 150 4302 1237 4370; baseline -0.002 -17"><span class='ocrx_word' id='word_1_336' title='bbox 150 4303 288 4367; x_wconf 75' lang='lat' dir='ltr'>porrrliosus</span> <span class='ocrx_word' id='word_1_337' title='bbox 306 4303 392 4352; x_wconf 83' lang='lat' dir='ltr'>exitus</span> <span class='ocrx_word' id='word_1_338' title='bbox 412 4339 417 4351; x_wconf 92' lang='lat'>.</span> <span class='ocrx_word' id='word_1_339' title='bbox 438 4340 443 4352; x_wconf 93' lang='lat'>.</span> <span class='ocrx_word' id='word_1_340' title='bbox 463 4340 468 4351; x_wconf 94' lang='lat'>.</span> <span class='ocrx_word' id='word_1_341' title='bbox 489 4302 567 4351; x_wconf 80' lang='lat' dir='ltr'>ritum</span> <span class='ocrx_word' id='word_1_342' title='bbox 585 4302 677 4351; x_wconf 86' lang='lat' dir='ltr'>tenebo</span> <span class='ocrx_word' id='word_1_343' title='bbox 695 4313 720 4353; x_wconf 88' lang='lat' dir='ltr'>et</span> <span class='ocrx_word' id='word_1_344' title='bbox 737 4304 852 4353; x_wconf 79' lang='lat' dir='ltr'>differam</span> <span class='ocrx_word' id='word_1_345' title='bbox 871 4305 959 4370; x_wconf 89' lang='lat' dir='ltr'>poenis</span> <span class='ocrx_word' id='word_1_346' title='bbox 977 4321 1105 4355; x_wconf 83' lang='lat' dir='ltr'>morarum</span> <span class='ocrx_word' id='word_1_347' title='bbox 1123 4304 1237 4369; x_wconf 84' lang='lat' dir='ltr'>iugibus.</span> 
     </span>
    </p>
   </div>
   <div class='ocr_carea' id='block_1_10' title="bbox 0 0 1490 4890">
    <p class='ocr_par' dir='ltr' id='par_1_14' title="bbox 0 0 1490 4890">
     <span class='ocr_line' id='line_1_45' title="bbox 0 0 1490 4890; baseline 0 7"><span class='ocrx_word' id='word_1_348' title='bbox 0 0 1490 4890; x_wconf 95' lang='lat' dir='ltr'> </span> 
     </span>
    </p>
   </div>
  </div>
 </body>
</html>
