2970 4890
615 355 627 411 1
646 357 670 410 1.
689 353 793 409 Morta

239 527 412 592 Pisciculus
433 526 578 612 pecudes
602 535 770 614 serpentes
792 533 890 614 atque
913 531 1071 612 volucres,

238 612 450 699 Gongeudere
473 614 538 678 suis
561 613 688 679 donasti
711 614 823 679 sedule
847 617 956 701 pullis:

238 699 304 765 Sed
324 720 430 765 meme
453 700 555 764 solam
578 703 722 768 sterilem
744 722 913 768 remanere
936 704 1095 768 misellam
1262 702 1360 769 [Μ’

238 786 344 851 Causa
364 786 473 852 iudicii
494 788 614 852 iussisti
637 788 776 874 denique
800 780 912 854 rectis

238 873 286 938 'l'e
308 879 417 938 tamen
440 875 655 961 omnipatrem
678 876 837 940 constanti
858 881 992 962 pectore
1015 881 1134 942 testem

236 960 364 1043 invoco,
388 962 528 1046 coniugii
550 963 655 1048 primo
679 961 767 1048 quod
789 968 936 1048 tempere
960 963 1045 1045 vovi,

238 1046 272 1112 Si
291 1049 413 1112 ventris
435 1047 573 1113 fructum
595 1049 673 1114 mihi
696 1054 879 1135 praestares
902 1049 974 1135 pius
997 1051 1107 1133 ullum,

236 1133 332 1198 Hunc
354 1155 430 1199 mox
451 1135 630 1222 intemplo
652 1137 721 1201 sisti
744 1135 803 1199 tibi
825 1135 885 1200 rite
909 1141 1035 1202 sacrato

237 1218 467 1307 Obsequioque
490 1223 537 1285 tui
558 1223 658 1306 legali
680 1242 769 1286 mere
792 1220 934 1287 sacrari.²

279 1307 371 1372 Talia
394 1306 470 1373 dum
492 1307 621 1373 mundis
643 1310 799 1373 formaret
819 1308 955 1374 verbula
977 1308 1086 1390 labris,

238 1393 385 1480 Angelus
408 1396 566 1479 astrigero
589 1396 695 1461 subite
719 1394 888 1460 descendit
910 1395 952 1460 ab
975 1395 1053 1476 alto,

236 1480 379 1545 Maxima
401 1482 551 1546 tristitiae
574 1488 707 1569 portans
729 1482 887 1548 solamina
909 1487 1030 1564 tantae,

236 1567 280 1632 Et
301 1574 390 1633 stans
413 1568 473 1634 sub
496 1568 578 1633 facie
603 1568 695 1634 dictis
718 1569 800 1633 haec
822 1567 908 1633 fatur
930 1569 1057 1633 amicis:

235 1652 340 1719 ‘Exue
362 1675 555 1738 maerorem,
580 1655 685 1720 cerdis
708 1654 836 1742 depone
859 1653 1015 1735 dolorem,

238 1739 443 1827 Consilicque
468 1742 521 1807 dei
543 1763 679 1828 germen
701 1742 760 1807 tibi
783 1740 906 1807 credito
929 1742 1058 1817 summi;

237 1827 320 1910 Hoc,
366 1826 432 1893 uod
453 1836 567 1894 ventre
589 1836 645 1893 tuo
667 1827 826 1915 procedet
848 1834 995 1914 tempore
1019 1831 1118 1909 certo,

237 1914 324 1979 Vere
344 1849 405 1981 det
426 1913 513 1980 idem
535 1917 664 2002 populis
687 1915 834 1980 mirabile
859 1914 1003 1980 cunctis?

237 2001 339 2083 Dixit,
363 2008 396 2067 et
418 2003 579 2086 aurivagis
601 2003 750 2067 revolans
773 2008 863 2066 secat
884 2002 1019 2066 aethera
1040 1999 1163 2088 pennis.

239 2087 335 2153 Anna
356 2087 425 2170 sed,
449 2090 604 2174 angelicis
625 2090 757 2154 nimium
779 2090 953 2175 perterrita
974 2086 1091 2168 verbis,

239 2174 366 2240 Maesta
388 2174 520 2240 domum
541 2177 635 2262 petiit
658 2196 729 2241 sese
752 2176 902 2262 lectoque
925 2176 1054 2256 locavit,

239 2262 282 2327 Et
303 2262 495 2327 tremefacta
517 2262 602 2327 diem
626 2264 823 2349 psalmorum
845 2263 920 2349 lege
943 2265 1110 2349 †perorat,

237 2349 356 2413 Effusis
377 2355 508 2415 noctem
530 2350 678 2434 precibus
702 2348 849 2415 ducendo
871 2355 1072 2436 sequentem.

240 2435 319 2500 Post
340 2436 422 2501 haec
446 2456 524 2520 erge
548 2457 637 2501 suam
660 2437 828 2522 praecepit
851 2435 966 2501 adesse
989 2436 1143 2523 puellam,

239 2523 408 2588 Astantem
431 2524 574 2607 rogitans
596 2525 734 2610 propriis
755 2524 844 2588 illam
866 2523 925 2587 sub
949 2524 1070 2607 ocellis,

240 2609 306 2675 Cur
327 2630 361 2674 se
385 2610 578 2694 despiceret,
601 2611 654 2674 vel
677 2631 733 2675 cur
755 2615 821 2675 tam
845 2630 917 2675 sero
941 2611 1075 2693 veniret,

241 2696 323 2762 Cum
344 2697 405 2762 sibi
428 2697 562 2762 sentiret
584 2697 654 2762 fieri
677 2696 755 2784 quid
776 2697 860 2761 ferte
882 2697 1042 2847 stupendi.

280 2782 436 2848 Reddidit
458 2790 591 2848 econtra
613 2783 763 2849 dominae
785 2785 906 2849 lasciva
941 2785 1059 2849 amella
1260 2787 1311 2853 fol.
1325 2791 1355 2837 ⁷¹

237 2870 426 2956 Obprobriis
448 2871 569 2935 iactum
591 2872 699 2936 servili
721 2891 885 2936 murmure
908 2870 1058 2936 verbum:

237 2956 284 3022 ‘Si
306 2964 338 3022 te
362 2957 512 3044 despexit
534 2958 677 3022 sterilem
699 2957 822 3023 iaciens
845 2956 948 3036 deus,'
968 2958 1083 3044 inquit,

237 3043 319 3124 ‘Dic‚
341 3064 432 3129 rogo,
457 3042 583 3109 divinae
608 3065 724 3110 causae
749 3042 826 3131 quid
848 3045 990 3131 pertinet
1012 3045 1055 3110 ed
1077 3047 1165 3112 mei'

237 3131 333 3195 Anna
355 3130 414 3196 sed
436 3130 644 3218 obprobrium
666 3132 830 3218 patienter
847 3133 984 3232 pertulit
1005 3131 1102 3215 istud,

237 3216 415 3283 Effrmdena
437 3223 561 3282 tantum
584 3219 732 3283 lacrimas
755 3219 914 3283 subtrratis
936 3240 1073 3284 amaras.

282 3304 413 3370 Scilicet
434 3304 495 3369 hac
516 3305 587 3392 ipsa
609 3304 753 3370 Ioachim
776 3303 961 3392 praedictus
983 3306 1017 3370 in
1039 3307 1119 3371 hora

237 3390 383 3476 Angelus
405 3411 566 3478 apparens
586 3392 672 3456 inter
694 3397 848 3457 montana
869 3392 1046 3478 refulgens,

238 3477 276 3542 In
300 3479 370 3564 quis
393 3484 469 3543 tunc
491 3478 654 3565 pascendo
678 3500 813 3564 gregem
836 3480 1021 3544 latitaverat
1043 3485 1163 3560 autem,

390 3620 631 3628 ---—.--—..
641 3624 644 3627 r
927 3622 932 3626 .
945 3621 962 3628 ..
974 3621 1003 3628 n..
1174 3622 1264 3630 ..—...-

218 3703 269 3756 132
286 3705 336 3757 Sed
353 3721 393 3757 me
411 3705 463 3757 mai
480 3706 559 3758 solam
582 3706 616 3756 Μ
636 3704 660 3769 (t
680 3723 713 3757 aa.
736 3724 768 3758 m.
792 3705 833 3772 2),
856 3707 905 3759 Sed
928 3703 1019 3773 memes
1041 3704 1120 3768 (eras.
1138 3706 1161 3773 t)
1178 3724 1210 3773 p,·
1233 3703 1265 3769 cs.

130 3775 195 3826 Bas.
216 3778 266 3826 108
375 3772 425 3826 138
452 3776 597 3842 Obsequoq;
626 3776 669 3825 Μι
789 3774 838 3828 141
865 3776 979 3828 Maxime
1004 3776 1046 3826 w
1073 3775 1153 3841 (sorr.
1180 3794 1213 3828 m.
1240 3776 1266 3842 1)

130 3842 181 3896 143
193 3860 332 3895 maerorem
344 3845 684 3898 cordisccniuarr'tScbura
709 3846 777 3896 eust
795 3843 841 3910 (cf.
861 3845 925 3912 Sap.
941 3851 956 3898 5
974 3846 1040 3911 §13)
1112 3844 1160 3898 147
1174 3847 1266 3899 aethra

129 3913 187 3973 ΜΕ·
212 3910 249 3978 cf.
276 3931 326 3966 aar.
354 3918 401 3965 126
426 3931 462 3980 aq.
550 3914 601 3967 150
630 3913 722 3982 peret}
748 3916 781 3966 Μ
803 3916 915 3983 (peroret
939 3913 978 3982 p),
1004 3915 1051 3967 aed
1074 3924 1114 3968 ·et
1138 3934 1219 3968 aranu
1242 3920 1265 3979 2,

126 3991 234 4050 praetav-
251 3984 423 4035 leoninitotem
512 3982 559 4036 157
578 3993 674 4036 tactum
693 3985 735 4036 M:
758 3987 859 4037 correxi

218 4152 268 4205 133
285 4157 320 4221 cf.
338 4155 394 4206 Pel.
407 4159 461 4206 181.
534 4153 584 4207 134
602 4153 637 4220 cf.
656 4155 727 4207 Mar.
747 4159 805 4207 638.
879 4153 928 4207 144
947 4155 1126 4209 Psmasaa
1143 4157 1264 4222 quoniam

132 4225 159 4274 in
172 4224 279 4274 consilio
293 4225 332 4276 dei
344 4231 499 4290 eatgermeu
512 4231 595 4277 tuum.
666 4222 715 4274 147
734 4225 879 4291 aurivagis:
891 4228 925 4292 ct'.
940 4226 1022 4290 Gorg.
1032 4227 1093 4277 306.
1143 4228 1177 4292 cf.
1192 4226 1264 4290 Ver-g.

130 4309 215 4358 georg.
230 4293 247 4342 1
256 4297 306 4344 406
322 4294 407 4345 levem
425 4295 528 4360 lugiens
545 4304 617 4346 secat
634 4295 740 4345 aethera
757 4296 843 4361 pinnis
861 4294 895 4357 (a.
909 4296 926 4346 l.
945 4295 1055 4362 pennis).
1143 4293 1192 4346 154
1211 4294 1264 4344 Pa.-

134 4361 225 4414 Maca.
239 4365 255 4412 2
271 4370 297 4414 et
314 4369 342 4414 tu
360 4378 410 4414 uec
426 4363 526 4430 ingredi
543 4365 577 4416 ad
595 4381 636 4415 me
654 4363 777 4415 voluisti?
864 4362 915 4415 158
933 4366 967 4430 cf.
987 4363 1059 4414 Mar.
1071 4366 1113 4416 93.
