2970 4890
600 330 655 383 11.
675 328 780 383 Maria.

187 556 202 587 ,
227 503 274 569 Ut
294 509 369 589 post
389 502 473 566 haec
494 501 608 564 summi
630 500 746 566 dieads
768 500 868 586 palmi
889 499 1056 586 triumphi;

227 591 271 654 Et
293 590 436 675 quisquis
457 587 545 652 bello
567 588 692 653 famose
715 588 831 652 vicerit
852 587 928 667 ullo,

227 679 279 741 De
303 685 336 741 te
357 676 497 741 vincenti
520 673 644 739 dicetur
664 674 810 760 protinus
832 673 892 737 illi:

231 763 307 828 »Ad
327 763 469 848 palmam
491 761 600 846 magni
621 761 738 825 venisti
759 780 899 844 namque
921 757 1119 843 triumphi.‹’

274 850 368 914 Haec
389 849 446 914 ubi
468 847 553 913 dicta
576 846 676 930 dedit,
699 847 842 932 dilapsus
864 845 970 911 sidere
992 846 1081 909 venit
1249 855 1298 922 sol.
1312 856 1366 905 ror

230 938 386 1022 Angelus,
410 943 444 1000 et
466 936 582 1000 tollens
604 956 728 999 ramum
753 933 876 998 divexit
899 934 931 996 in
953 932 1065 1000 altum.

232 1024 304 1097 Quo
326 1024 393 1088 viso
417 1023 522 1088 cuncti
543 1028 733 1107 praesentes
757 1020 974 1105 opstupelaoti

231 1112 271 1174 In
294 1118 412 1174 terram
433 1109 526 1195 proni
549 1114 794 1173 consternuntur
816 1106 1008 1171 tremefacti.

235 1197 324 1270 Quos
345 1197 437 1261 Iesus
459 1194 566 1260 subito
589 1196 722 1275 soletur,
745 1195 821 1259 talia
844 1192 958 1257 fando:

234 1284 321 1348 ‘Non
342 1303 422 1370 opus
445 1290 495 1346 est
518 1287 606 1347 certe
628 1282 720 1347 vobis
743 1279 919 1347 formidinis
942 1279 1039 1360 ullae,

235 1371 331 1434 Hune
354 1371 429 1455 quia
450 1370 615 1433 transferri
637 1389 761 1433 ramum
784 1388 844 1453 per
865 1367 970 1431 sidera
992 1364 1078 1446 iussi,

235 1457 280 1521 Ut
302 1477 379 1521 mox
401 1455 538 1522 deliciae
559 1476 678 1542 magno
700 1456 864 1541 plantetur
885 1455 918 1518 in
939 1453 1045 1530 horto,

120 1569 161 1608 sm
232 1544 286 1623 Et,
308 1544 397 1606 velut
417 1543 469 1607 hic
491 1544 524 1607 in
547 1541 676 1607 deserto
698 1563 772 1606 mea
794 1543 881 1605 iussa
904 1561 939 1604 se
962 1538 1070 1604 uenda

235 1631 396 1715 Implevit,
419 1649 537 1714 magno
559 1635 688 1694 nosmet
710 1627 816 1692 studio
839 1560 997 1709 satiando,

234 1717 288 1782 Sic
310 1717 373 1781 illic
395 1717 512 1780 sanctis
535 1722 660 1781 constet
683 1714 821 1780 dulcedo
844 1712 1016 1799 perennis.³

277 1803 408 1868 Talibus
430 1824 468 1867 cc
490 1804 587 1867 tantis
609 1803 708 1888 signis
730 1804 795 1866 iem
817 1800 930 1865 sedulo
954 1801 1039 1881 visis,

235 1890 366 1976 Ioseph,
387 1890 539 1954 virtutem
562 1891 659 1974 prolis
681 1888 849 1954 tractando
871 1908 1060 1973 perennem,

235 1977 344 2042 Utitur
364 1977 414 2040 his
436 1978 555 2058 verbis,
578 1977 735 2042 submisso
758 1996 921 2040 murmure
945 1975 1036 2038 fusis:

235 2063 331 2128 ‘Ecce
354 2064 442 2128 calor
462 2064 578 2127 nimius
599 2071 726 2128 nostros
748 2064 834 2127 male
858 2061 1009 2146 decoquit
1031 2065 1133 2133 artus;

235 2150 338 2234 Nunc,
360 2150 419 2215 tibi
441 2150 468 2213 si
489 2151 627 2236 placeat,
652 2151 740 2215 ouius
762 2170 899 2235 regnum
920 2150 997 2232 iuge
1021 2153 1155 2227 constat,

236 2238 402 2323 Praecipe,
424 2258 485 2322 per
503 2238 615 2338 pelagi
637 2237 736 2302 calles
759 2257 818 2300 nos
841 2254 979 2320 pergere
1001 2235 1094 2315 vasti,

234 2324 376 2389 Urbibus
398 2325 554 2408 appositis
578 2344 640 2408 quo
664 2331 752 2388 certa
775 2323 866 2408 quies
889 2321 966 2386 data
988 2321 1082 2385 nobis

126 2440 168 2480 sco
240 2411 307 2475 Nos
331 2411 423 2475 citius
445 2412 584 2496 spatium
607 2412 705 2475 faciat
726 2429 914 2496 percurrere
937 2409 1085 2472 tantum.²

241 2497 300 2563 eui
323 2497 404 2561 dixit
425 2496 528 2580 Iesus,
553 2496 659 2562 divino
682 2498 811 2561 numine
835 2497 955 2560 clame:

239 2584 397 2669 ‘Namque
421 2585 505 2649 viam
529 2584 635 2649 subito
658 2586 788 2670 longam
811 2603 871 2668 per
892 2602 946 2647 me
968 2580 1123 2646 breviabo

238 2671 292 2751 Et,
315 2670 401 2757 quod
423 2678 474 2735 ter
496 2671 587 2736 denis
608 2673 712 2756 potuit
734 2672 790 2735 vix
813 2675 889 2733 ante
912 2669 1027 2733 diebus

239 2759 354 2840 Metiri,
376 2759 493 2823 facicm
517 2758 582 2823 diei
604 2759 708 2844 spatio
731 2756 903 2844 repedari?

125 2872 165 2913 scs
282 2845 342 2908 His
364 2844 466 2920 dictis,
491 2844 625 2910 Soniten
646 2844 796 2910 viderunt
819 2845 906 2908 ocius
929 2841 1042 2906 urbem

238 2930 359 3017 Egypti
380 2952 542 3017 magnam,
565 2933 698 2996 famosis
719 2931 888 2996 moenibus
910 2930 1020 2993 altam.
1260 2943 1307 3010 sol.
1323 2945 1370 2993 err

238 3017 331 3082 Hanc
352 3019 550 3103 introgressi,
573 3020 735 3104 petierunt
756 3018 866 3082 limina
889 3016 1012 3100 templi,

237 3105 274 3168 In
295 3126 357 3190 quo
381 3106 479 3169 stulta
503 3105 581 3170 deos
605 3107 772 3170 consuevit
792 3124 915 3190 ponere
940 3103 1039 3166 falsos

241 3191 329 3256 Gens
352 3212 479 3276 pagana
501 3214 586 3272 suos,
610 3213 763 3278 perverso
785 3212 875 3256 more
899 3189 1063 3256 colendos.

127 3304 168 3344 aso
238 3277 317 3342 Mox
340 3278 399 3343 sed
421 3284 457 3342 ut
477 3280 608 3343 introvit
630 3286 741 3343 sancta
763 3299 836 3343 cum
857 3277 948 3363 prole
973 3275 1088 3356 Maria,

241 3364 358 3429 Omnia
380 3365 532 3429 falsorum
554 3367 676 3451 pariter
698 3365 868 3430 simulacra
891 3363 1026 3429 deorum

240 3451 279 3514 In
302 3458 421 3516 terrem
443 3453 549 3516 subito
573 3452 759 3518 ceciderunt
783 3451 921 3536 denique
943 3471 1056 3534 prona,

239 3538 309 3602 Iam
333 3547 573 3623 cognoscentes,
596 3560 709 3624 regem
732 3539 859 3603 venisse
882 3557 1059 3622 perennem

240 3625 350 3710 Atque
375 3625 470 3691 deum
493 3648 605 3691 verum
627 3646 747 3711 magna
770 3626 887 3689 virtute
912 3624 1057 3690 deorum.

216 3813 269 3868 805
291 3825 479 3868 consernuntur
501 3816 535 3866 M
629 3813 680 3867 809
703 3816 836 3881 plantatur
858 3814 900 3864 M¹
923 3811 1038 3877 &taeter
1063 3830 1079 3879 p
1101 3811 1130 3860 ira
1150 3807 1226 3874 ran),
1243 3823 1265 3872 p

129 3885 182 3937 810
194 3887 324 3951 sequendo
340 3884 433 3949 Ceben
449 3895 478 3936 at
489 3888 524 3954 ef,
536 3886 592 3937 Pel.
602 3890 661 3949 264,
672 3886 749 3949 prior.
759 3886 808 3935 413
875 3880 927 3933 816
944 3890 1016 3933 artus
1034 3883 1070 3932 oio
1082 3880 1112 3930 M
1130 3877 1153 3942 (t
1164 3879 1265 3929 litterae

131 3956 260 4020 iaimilr'o)
337 3953 386 4006 811
411 3956 496 4022 placet
513 3955 565 4015 Μ’,
589 3957 692 4022 placent
704 3956 738 4019 pl
818 3951 869 4003 825
886 3954 948 4019 fort.
967 3952 1085 4012 Sotinen,·
1108 3950 1143 4016 cf.
1163 3946 1266 3999 sabaoc

128 4044 156 4090 p.
168 4024 245 4075 40²⁸·
335 4021 385 4075 821
404 4026 502 4076 lumina
519 4025 561 4075 Μ1
648 4022 701 4075 834
718 4025 839 4075 decorum
860 4021 951 4081 Ceben·
970 4029 999 4071 at
1014 4022 1049 4087 cs.
1068 4016 1266 4071 rvr-Manum

132 4096 181 4145 uisi
199 4095 242 4144 hic
260 4093 324 4144 dens
341 4102 407 4145 esset
424 4096 530 4146 deorum
548 4101 692 4145 nostrorum

219 4262 272 4315 815
294 4266 329 4330 cs.
346 4265 426 4328 prim.
439 4265 495 4315 133.
582 4261 633 4315 831
659 4263 694 4329 cf.
713 4260 813 4313 Alecto.
833 4277 853 4312 c.
868 4264 890 4322 1,
900 4261 948 4309 162
965 4258 1008 4322 (P.
1020 4258 1048 4309 0.
1067 4255 1155 4309 torm]
1166 4274 1194 4322 p.
1206 4251 1265 4318 173)

135 4335 221 4384 omnia
238 4340 386 4384 sternantur
404 4334 483 4384 fundo
500 4333 641 4384 simulacra
658 4333 772 4382 deorum.
