2970 4890
643 335 698 391 11.
720 335 824 391 Maria.

271 507 347 571 Hoc
367 528 486 573 nomen
508 508 623 573 merito
646 510 777 574 sortitur
799 518 911 576 sancta
932 514 1052 598 puella,

272 593 335 658 Est
357 595 432 681 qnia
454 596 656 681 praeclarum
679 595 776 674 sidus,
800 597 888 683 quod
909 598 1014 685 fulget
1035 601 1069 664 in
1091 620 1208 665 aevum

272 680 323 745 Re
349 681 356 695 ‘
396 683 521 747 aeterni
543 683 631 747 claro
654 682 840 748 diademate
864 682 991 751 Ohristi.

347 775 398 832 ost
418 768 501 834 haec
524 790 681 835 annorum
703 777 792 834 meta
814 779 970 856 vergente
993 772 1139 852 duorum,

274 854 452 920 Fortunata
473 878 565 921 suam
589 857 665 921 dum
688 857 825 942 sumpsit
846 857 888 922 ab
910 859 1011 923 ubere
1034 866 1143 925 natam

274 941 478 1008 Ablactando
502 945 589 1029 piam
612 943 752 1028 genitrix
775 943 929 1009 demere
952 944 1099 1028 Mariam,

276 1027 374 1093 Ocius
396 1030 429 1093 in
451 1030 574 1115 templo
598 1031 681 1094 sistit
703 1051 776 1095 oum
798 1051 932 1095 munera
956 1031 1054 1116 digno

274 1114 394 1200 Ipsam,
418 1136 501 1201 quae
524 1118 683 1201 templum
706 1116 827 1181 domini
849 1117 909 1181 luit
930 1118 1028 1182 immo
1052 1120 1204 1200 sutorum,

277 1200 349 1274 Quo
372 1205 495 1267 sociata
517 1204 616 1268 sacris
637 1203 826 1288 virguncula
848 1224 950 1288 parra
971 1205 1088 1291 puellis

278 1286 415 1375 Semper
437 1289 551 1355 divinis
573 1291 639 1354 illic
661 1296 823 1376 perstaret
844 1291 879 1354 in
900 1288 980 1371 odis,

278 1373 382 1448 Quem
405 1377 519 1441 meritc
543 1377 630 1442 cives
653 1378 814 1442 caelestes
835 1376 932 1442 lande
956 1378 1173 1463 frequentant.

319 1461 399 1526 Post
420 1463 511 1542 hacc,
534 1465 568 1528 in
590 1465 704 1549 templi
727 1464 904 1529 subsistens
925 1464 1027 1529 limite
1050 1465 1143 1545 sacri,

277 1547 456 1615 Ascensum
478 1550 637 1635 graduum
660 1550 767 1615 subito
791 1559 841 1615 ter
864 1551 1004 1636 quinque
1027 1551 1185 1637 supinum,

276 1633 452 1702 Immemor
473 1639 600 1719 aetatis,
623 1638 687 1703 iam
711 1638 808 1723 plena
830 1636 904 1720 deo,
927 1637 1069 1724 puerilis,

278 1721 443 1789 Audacter
465 1725 572 1808 currit,
594 1725 717 1789 vultum
739 1744 800 1788 nec
822 1729 908 1789 retro
931 1724 1069 1802 reflexit,

279 1806 422 1881 Quaerat
443 1817 480 1875 nt
502 1816 645 1876 astantes
667 1810 826 1876 infantum
846 1830 937 1875 more
961 1816 1123 1896 parentes.

320 1895 383 1961 His
404 1918 504 1984 super
525 1899 663 1980 accensi,
685 1898 842 1962 mirantur
865 1896 1004 1983 denique
1028 1896 1134 1962 cuncti

278 1981 433 2049 letantes
454 1985 577 2072 populi,
600 1984 715 2070 templi
736 1985 922 2070 pariterque
945 1984 1097 2057 ministri;

277 2068 449 2135 Pontifices
471 2072 533 2156 ipsi
555 2070 675 2136 factum
697 2069 832 2135 landant
855 2091 982 2157 quoque
1005 2071 1112 2155 primi,

277 2155 441 2237 Dicentes,
464 2165 553 2223 tanto
577 2157 663 2244 quod
686 2164 762 2223 tunc
783 2156 942 2222 infantula
963 2157 1049 2222 lacto

277 2241 342 2308 Per
363 2264 397 2309 se
421 2243 497 2331 qnid
520 2245 589 2310 fieri
612 2246 836 2330 praesignaret
858 2244 921 2309 cito
944 2244 1054 2329 magni

277 2328 321 2394 Et
341 2350 417 2396 vere
439 2353 493 2396 ma
517 2332 559 2414 ni,
583 2333 704 2397 cunctis
725 2332 907 2418 meritoque
930 2338 1048 2415 stupen
1072 2331 1091 2395 ‘.

321 2415 416 2490 Quod
438 2438 491 2483 ore
517 2419 524 2432 '
548 2419 651 2484 maim
672 2419 725 2484 rel
748 2418 835 2505 qnod
856 2423 969 2504 posset
988 2417 1058 2482 fore
1081 2415 1194 2494 maius,

279 2502 383 2578 Quam
406 2505 494 2591 qnod
514 2506 659 2590 virgineo
682 2507 822 2592 portarit
843 2511 957 2570 ventre
979 2504 1089 2589 puella
1302 2500 1350 2568 sd·
1363 2503 1412 2551 ¹⁰⁸

279 2590 433 2677 Magnum
454 2592 612 2657 factorem
634 2591 746 2657 mundi
767 2592 998 2680 propriumque
1020 2591 1209 2676 parentam?

278 2676 348 2743 Neo
368 2679 494 2758 mirum,
517 2699 643 2744 sursum
666 2680 775 2765 coepit
796 2680 824 2744 si
845 2679 947 2764 figere
971 2698 1127 2763 gressum,

278 2762 391 2829 Infans
411 2765 558 2830 lacteolis
581 2766 687 2831 fuerat
709 2765 786 2831 dnm
808 2765 943 2850 parvula
963 2764 1127 2844 membris,

280 2849 394 2937 Quam
416 2862 512 2939 pater
534 2853 629 2935 alme,
652 2859 708 2917 tuo
732 2851 840 2918 ditasti
860 2851 990 2916 flamine
1013 2871 1115 2932 sacro,

279 2935 366 3004 Dum
387 2940 494 3006 fuerat
516 2946 648 3005 sanctae
671 2939 837 3025 genitricis
859 2937 988 3003 condita
1010 2944 1134 3018 ventre,

278 3024 447 3091 Praesoius
469 3027 554 3092 hanc
575 3027 678 3092 solam
702 3032 790 3091 certe
814 3025 989 3090 consistere
1015 3023 1145 3111 dignam

278 3110 332 3178 Ad
353 3113 474 3201 proprii
492 3118 619 3200 partum
641 3114 709 3178 nati
731 3133 791 3200 per
812 3112 943 3177 saecula
964 3113 1046 3177 noti:

280 3196 342 3271 Qui
362 3207 447 3287 post,
471 3220 647 3288 corporeae
670 3206 775 3265 tectus
797 3199 959 3263 velamine
983 3198 1118 3280 formae,

278 3285 457 3352 Ascensum
480 3287 639 3373 graduum
661 3287 783 3352 cunctis
804 3285 961 3371 patefecit
982 3285 1016 3349 in
1037 3305 1164 3363 aerum,

281 3372 347 3438 Per
389 3395 449 3440 uos
472 3375 515 3439 ad
536 3375 676 3461 patriam
698 3372 836 3439 tendunt
857 3392 1005 3437 remeare
1028 3371 1187 3444 relictam

280 3458 340 3524 (lui
411 3462 508 3526 ristus
531 3481 661 3541 nomen,
684 3462 736 3526 oui
756 3461 828 3525 lans
850 3459 892 3524 sit
915 3459 1060 3524 caelitus.
1083 3457 1201 3525 Amen.

323 3545 453 3614 Scilicet
476 3555 510 3613 et
533 3549 674 3634 genitrix
697 3548 754 3613 tali
777 3546 868 3612 laetu
888 3545 974 3611 bene
998 3545 1078 3611 felix

279 3631 485 3701 Conlaudans
507 3655 619 3721 regem
643 3635 759 3700 cecinit
780 3633 826 3699 sio
847 3632 945 3698 Anna
965 3649 1157 3718 perennem:

1151 3750 1304 3764 ,--.--

257 3823 309 3878 278
326 3829 360 3879 Et
376 3829 439 3894 quia
455 3828 488 3880 Μ
504 3825 551 3895 (cs.
575 3827 763 3893 Tleopl.294,·
780 3834 847 3878 recte
859 3821 1007 3890 prim-367)
1076 3819 1128 3874 279
1138 3822 1208 3942 port.
1226 3817 1305 3884 Regia

183 3891 224 3964 in)
243 3898 342 3948 aeterni
422 3895 472 3950 281
490 3900 636 3950 Fortunata
655 3895 690 3947 Μ
703 3895 788 3962 φήοτ
806 3904 817 3946 t
833 3896 861 3946 in
878 3910 932 3946 raa.
950 3889 1024 3954 Μ)
1102 3887 1137 3942 30
1170 3891 1233 3957 sort.
1251 3896 1305 3939 rou

190 3963 354 4032 wldscm')
440 3965 491 4020 312
512 3970 583 4019 laetu
608 3965 653 4016 M:
676 3966 777 4017 correct
798 3981 829 4016 aa
849 3963 930 4029 (long.
947 3965 991 4026 33,
1017 3959 1132 4012 Morte
1153 3961 1200 4027 (cs.
1229 3958 1305 4012 etiam

171 4034 277 4087 Pacclin.
297 4036 439 4089 Petricorcl.
452 4037 473 4088 Ι
480 4039 536 4101 232,
553 4036 606 4088 cita
623 4035 760 4086 Mothildc's
779 4033 830 4086 SS.
843 4031 873 4082 X
885 4050 911 4098 p.
924 4033 985 4096 680,
996 4029 1047 4095 18).

256 4206 310 4261 285
328 4210 362 4276 os.
380 4207 449 4277 Apu.
461 4214 518 4263 460.
591 4205 643 4260 286
661 4209 696 4275 cf.
714 4207 853 4258 Mareia
871 4207 926 4257 357.
999 4199 1050 4256 287
1070 4217 1160 4267 qnam:
1177 4217 1211 4251 rc.
1230 4197 1305 4249 &um

171 4279 206 4339 (o.
219 4282 272 4332 286
288 4281 396 4340 divinis,·
413 4278 597 4334 Peliacae
613 4279 642 4329 in
659 4278 700 4330 dai
718 4274 858 4340 laudibus).
963 4269 1015 4323 298
1034 4271 1068 4337 cf.
1087 4268 1157 4321 Mor.
1171 4272 1228 4321 ool.
1245 4267 1304 4316 092·

171 4347 224 4402 295
241 4347 277 4414 es.
295 4347 366 4402 Mor.
379 4353 434 4403 m.
519 4343 570 4401 297
588 4363 624 4414 og.
643 4348 678 4415 cs.
695 4344 774 4398 Dion
789 4347 828 4399 ta.
915 4338 968 4394 808
986 4339 1020 4408 cf.
1039 4355 1090 4391 asc.
1105 4343 1127 4390 1.
