2970 4890
684 317 917 376 llssbrudm

769 488 818 554 IV

435 609 605 676 LAPSUS
627 609 686 675 ΕΤ
709 609 965 677 OONVERSIO
986 612 1162 678 MARIAE

407 695 566 761 NEPTIS
587 695 841 762 HABRAHAE
863 697 1188 765 HEREMIOOLAE

318 820 417 886 quae,
449 800 506 865 ubi
526 800 591 865 XX
621 820 721 864 ennos
749 800 925 865 solitariam
947 802 1047 866 vitam
1077 803 1158 888 egit,
1183 803 1189 887 Ι
1214 809 1364 892 corrupta

317 887 501 971 virginitate
524 887 689 952 saeculum
703 887 835 973 repetiit
853 890 859 966 Ι
879 894 914 952 et
935 888 1145 954 contubernio
1159 888 1364 957 meretricum

318 972 489 1038 admisceri
519 993 585 1038 non
615 974 747 1048 metuit;
778 976 784 1055 Ι
811 971 885 1054 sed,
919 980 995 1059 post
1026 975 1191 1041 biennium
1225 976 1364 1064 praefati
1393 998 1407 1037 s

318 1058 472 1124 Abrahae
494 1060 646 1143 monitis!
667 1060 756 1123 illem
778 1059 837 1124 sub
853 1062 1006 1125 amatoris
1027 1063 1136 1146 specie
1160 1062 1362 1149 quaerentis!

317 1144 461 1227 reducta,
487 1146 581 1231 larga
603 1145 759 1210 effusione
782 1146 985 1211 lacrimarum
1005 1149 1010 1228 Ι
1030 1148 1244 1234 continuaque
1267 1169 1363 1216 exer-

319 1232 470 1297 citatione
499 1232 706 1312 ieiuniorum,
736 1232 918 1317 vigiliarum
949 1239 1047 1319 atque
1081 1235 1262 1301 orationum
1281 1235 1288 1321 Ι
1305 1256 1365 1324 per

318 1318 449 1383 vicenos
472 1339 573 1383 annos
595 1317 783 1383 emundavit
802 1319 946 1382 maculas
968 1319 1169 1406 eriminum}

547 1575 713 1640 Asnaum.
757 1573 894 1639 Emere.
939 1573 1060 1645 Maure!
1382 1603 1408 1644 ιο

319 1694 484 1761 demean.
529 1694 636 1775 Tune,
663 1694 764 1759 frater
785 1700 819 1758 et
841 1695 1040 1760 coheremita
1061 1693 1199 1778 Effrem,
1221 1717 1365 1764 commo·

234 1781 311 1847 dum
338 1781 427 1846 ducis
454 1801 549 1845 meae
580 1779 686 1845 adhue
708 1801 825 1845 vacere
848 1781 1111 1859 confabulationi,
1132 1784 1137 1863 Ι
1156 1802 1214 1865 an,
1242 1784 1364 1871 quoad-

234 1888 338 1955 usque
362 1867 485 1932 divinas
508 1867 644 1953 expleas
665 1866 789 1948 laudes,
811 1886 864 1932 me
886 1868 934 1932 vis
978 1868 1166 1934 raestolari?
1185 1869 1192 1955 Ι

319 1952 455 2018 Esrneu.
500 1952 691 2017 Nostrorum
714 1952 933 2018 confabulatio
955 1888 1047 2039 feius
1074 1953 1175 2021 debet
1201 1975 1273 2022 esee
1295 1956 1365 2023 luu-

233 2040 332 2122 datio‚
346 2039 350 2125 Ι
365 2039 419 2125 qui
441 2060 476 2104 se
499 2039 705 2124 congregatis
728 2040 762 2103 in
784 2059 841 2103 suo
863 2040 993 2104 nomine
1008 2041 1012 2125 Ι
1025 2040 1168 2106 medium
1190 2043 1364 2130 spopondit
1384 2067 1408 2107 u

232 2129 399 2192 interesse.

320 2129 486 2277 denariae.
520 2210 608 2275 Nihil
631 2209 720 2274 eliud
739 2211 904 2275 locuturus
926 2211 1059 2292 accessi,
1073 2210 1151 2297 inici
1173 2211 1261 2300 quod
1282 2211 1364 2279 divi·

234 2318 297 2363 nae
319 2298 476 2362 voluntati
495 2298 500 2380 Ι
519 2318 584 2361 non
605 2297 713 2361 nescio
737 2295 934 2361 concordari.
954 2298 959 2380 Ι

192 2375 212 2436 2
320 2382 456 2449 Essene.
492 2383 601 2457 Quare
616 2403 677 2447 neo
693 2381 735 2446 ed
749 2389 949 2448 momentum
965 2381 1096 2469 quidem
1110 2405 1163 2449 me
1179 2383 1363 2470 subtraho}

234 2469 293 2535 sed
315 2477 370 2534 tuo
394 2469 524 2535 affectui
546 2475 650 2533 totum
672 2468 767 2534 dedo.
788 2469 793 2553 Ι
1383 2495 1410 2537 ω

320 2554 485 2622 demean.
531 2553 693 2629 Quiddem
723 2554 885 2641 agendum
912 2554 991 2619 mihi
1019 2559 1191 2619 exaestuet
1215 2560 1335 2640 mente,
1360 2557 1364 2643 Ι

234 2644 268 2707 in
291 2662 353 2728 quo
376 2647 466 2707 tuum
487 2642 573 2707 velle
593 2648 598 2718 Ι
616 2643 698 2708 meis
720 2642 803 2706 votis
826 2647 945 2727 exopto
968 2639 1175 2727 respondere.
1196 2641 1201 2722 Ι

322 2726 459 2794 Essene.
496 2727 530 2793 si
546 2749 644 2792 unum
667 2747 863 2813 cornuaque
878 2727 971 2793 nobis
993 2727 1101 2791 anima
1115 2725 1244 2792 iubetur
1258 2747 1341 2813 esse,
1360 2731 1364 2817 Ι

236 2814 324 2879 idem
347 2815 432 2880 velle
451 2817 456 2899 Ι
476 2814 628 2900 idemque
651 2815 795 2900 cogimur
815 2813 911 2878 nolle.
932 2821 937 2889 Ι

194 2887 213 2950 3
323 2900 488 2966 damnans.
532 2899 591 2964 Est
620 2901 697 2965 mihi
724 2901 830 2986 neptis
858 2900 989 2980 tenella,
1008 2898 1013 2982 Ι
1032 2898 1197 3049 ιιΙι-ἱιιεἫιο
1222 2900 1366 3000 parentis
1383 2924 1408 2965 ss

237 2986 393 3051 solamine
416 2986 579 3069 destitute,
593 2985 597 3071 Ι
611 2987 645 3051 in
667 3007 764 3072 quam
785 3007 844 3072 pro
861 2985 1083 3071 compassione
1107 3005 1143 3049 or
1165 2984 1253 3050 itatis
1267 2986 1365 3053 nimio

241 3072 360 3138 affectu
382 3072 481 3138 ducor
500 3074 505 3158 Ι
525 3074 677 3159 cuiusque
701 3093 798 3138 causa
819 3073 970 3138 continua
984 3069 1198 3137 sollicitudine
1213 3071 1364 3161 fatigem!

52 3156 54 3169 '
97 3165 219 3228 merc.
312 3158 459 3329 dEspnnu.
503 3159 547 3225 Et
569 3159 646 3245 quid
667 3160 741 3243 tibi,
771 3158 985 3244 triumphator
1006 3157 1135 3240 saeculi,
1156 3157 1160 3242 Ι
1181 3179 1253 3223 cum
1283 3160 1366 3225 curis
1383 3181 1431 3249 sol.
1444 3185 1485 3232 ιι·

232 3266 309 3310 mun
333 3246 358 3309 i?

320 3331 485 3397 Auernae.
529 3330 569 3396 Id
597 3331 721 3396 seilicet
748 3351 839 3411 euro,
869 3350 910 3394 ne
937 3329 1082 3394 inmensa
1111 3329 1180 3393 eius
1209 3331 1366 3397 serenitas
1385 3345 1411 3385 ³⁰

232 3416 478 3505 pulchritudinis
498 3419 502 3496 Ι
522 3418 654 3482 aliumue
677 3417 863 3483 obfmoetur
885 3414 979 3480 sorde
1003 3415 1278 3501 coinquinationis.
1299 3420 1305 3499 Ι

51 3446 55 3559 1
319 3503 456 3569 Errare.
500 3503 692 3569 Huiusmodi
715 3524 792 3567 cura
811 3505 816 3584 Ι
836 3503 862 3566 si
885 3508 934 3567 est
955 3500 1202 3588 vituperanda!

50 3576 61 3653 i
323 3591 489 3655 Asnaum.
535 3591 647 3676 Spero.

195 3675 215 3734 4
323 3675 460 3740 Eranusa
506 3675 604 3741 Cuius
627 3682 677 3741 est
699 3675 837 3740 aetatis?

323 3870 462 3921 neuneu.
498 3867 665 3920 lconuersio
682 3867 710 3918 in
726 3884 779 3917 rae.
800 3866 834 3916 M
910 3863 985 3930 8aq3
1004 3863 1036 3914 M
1115 3861 1148 3915 12
1167 3866 1370 3921 confabuletioni

239 3954 329 3990 uacure
347 3938 391 3988 M:
409 3939 509 3989 corruet
596 3935 629 3988 13
646 3935 817 4003 postulariM
898 3932 933 3986 34
949 3934 1042 3985 ostede
1059 3933 1095 3986 eie
1112 3933 1147 3983 M

323 4095 463 4144 Ansium.
499 4090 531 4143 11
549 4092 584 4159 ef.
603 4091 682 4158 Pasa
695 4094 736 4154 10,
746 4096 767 4142 1.
844 4088 878 4141 15
895 4085 931 4153 cf.
950 4087 1042 4140 Mattb.
1056 4091 1098 4153 18,
1108 4093 1143 4141 20
1160 4089 1206 4141 ubi
1223 4091 1290 4143 euim
1307 4095 1369 4142 sunt

238 4163 289 4214 duo
305 4163 348 4212 vel
365 4169 419 4213 tres
437 4162 585 4229 congregati
603 4163 630 4211 in
643 4160 745 4211 nomine
762 4175 826 4221 meo,
845 4159 883 4208 ibi
901 4158 1002 4209 eumin
1021 4159 1104 4210 medio
1120 4175 1216 4210 eorum.
1286 4156 1320 4210 23
1332 4160 1367 4224 es.

239 4239 288 4282 oct.
306 4240 387 4298 oport.
399 4235 425 4295 4,
433 4233 466 4282 32
484 4230 654 4282 multitudinis
665 4236 751 4281 autem
769 4228 928 4279 credentium
940 4234 994 4278 eret
1010 4243 1054 4278 cor
1067 4245 1149 4279 unum
1168 4236 1193 4279 et
1204 4227 1289 4279 anima
1301 4243 1365 4289 πως

243 4300 306 4365 Otto,
326 4299 512 4365 Spsiobwdrtsr
529 4300 576 4352 der
592 4297 688 4350 Rbmer
704 4315 731 4349 π.
745 4298 786 4349 33.
877 4294 912 4348 30
929 4291 962 4359 cs.
980 4295 1080 4349 Dulol
1097 4297 1144 4359 §L
1180 4378 1199 4433 0

1164 4380 1179 4432 1
1199 4379 1213 4410 ί
