2970 4890
536 331 563 386 11
576 331 725 401 praefatio.
743 361 778 372 -
796 330 916 400 epistola.
1245 333 1294 389 107

118 502 306 570 8datorem
334 510 540 590 retorqueam
566 505 740 589 ingenium.
839 503 985 589 Ideoque
1015 524 1079 568 non
1109 526 1179 569 sum
1210 505 1293 572 adeo

161 592 299 656 amatrix
319 591 395 671 mei,
418 598 454 655 nt
475 611 535 676 pro
559 590 691 655 vitanda
712 590 967 675 reprehensione
1034 589 1162 673 Christi,
1187 593 1241 678 qui
1261 593 1296 657 in

161 678 278 744 sanctis
301 682 464 763 operatur,
487 678 651 760 virtutem,
676 697 878 763 quocumque
901 678 972 763 ipse
996 676 1087 741 dabit
1108 698 1215 764 posse,

116 766 136 828 9
159 784 284 830 cessem
301 762 499 850 praedicare.
589 763 625 828 si
642 765 727 828 enim
743 764 839 828 alicui
855 763 964 850 placet
978 784 1053 829 mea
1068 762 1209 847 devotio,

159 850 326 935 gaudebo;
398 851 426 915 si
441 856 549 915 autem
565 852 618 915 vel
634 870 694 935 pro
709 850 776 914 mei
790 850 973 915 abiectione
1045 850 1097 914 vel
1112 871 1172 935 pro
1186 851 1294 916 vitiosi
1324 871 1336 909 s

160 937 316 1003 sermonis
336 937 513 1002 rusticitate
600 938 709 1021 placet
730 937 818 1017 nulli,
907 943 1028 1000 memet
1054 937 1160 1002 isam
1181 944 1293 1003 tamen

159 1024 257 1106 iuvat,
280 1022 368 1108 quod
382 1023 456 1106 feei,
536 1023 619 1109 quia,
641 1022 717 1087 dnm
733 1024 853 1109 proprii
868 1023 1026 1087 vilitatem
1041 957 1172 1105 laboris,
1260 1025 1295 1087 in

160 1110 230 1174 aliis
243 1129 338 1174 meae
354 1110 541 1174 inscientiae
558 1111 720 1195 opusculis
785 1110 917 1174 heroico
933 1110 1067 1195 ligatam
1082 1110 1237 1196 strophio,

159 1197 192 1261 in
206 1196 269 1261 hoe
284 1195 496 1261 drammatiea
510 1197 651 1260 vinctam
669 1197 751 1260 serie
768 1196 850 1279 colo,
932 1197 1129 1282 perniciosos
1214 1216 1294 1282 gen·

161 1283 262 1348 tilium
286 1281 418 1348 delicias
505 1281 696 1347 abstinendo
720 1282 828 1348 divito.
1314 1300 1339 1342 ιο

14 1646 143 1710 mae.
507 1622 954 1689 EPIsTOLAEIUsDEM

160 1712 224 1778 nn
241 1710 456 1786 euosnmr
477 1710 724 1776 sermones
748 1710 888 1776 nurus
904 1709 1028 1775 niem
1046 1707 1296 1774 rnuroane.

122 1849 136 1907 1
248 1832 350 1897 Plene
372 1833 445 1898 sciis
534 1838 567 1897 et
588 1832 673 1897 bene
696 1832 829 1896 moratis
917 1852 978 1896 nec
1006 1831 1112 1895 alieno
1136 1828 1297 1915 profectui

160 1918 388 2000 invidentibus,
465 1919 533 2000 sed,
557 1924 593 1982 ut
615 1918 711 1984 decet
733 1939 810 1983 vere
834 1919 1014 2005 sapientes,
1044 1916 1296 2002 congratulanti·

160 2007 232 2088 bue,
318 2005 484 2071 Heorsvrr
504 2006 649 2070 nesciola
733 2006 888 2091 nullaque
911 2005 1074 2092 probitate
1099 2002 1218 2068 idonea
1313 2023 1338 2063 re

119 2102 317 2243 lpraesens
344 2093 453 2156 valere
563 2099 596 2156 et
627 2112 745 2177 perpes
776 2092 929 2176 gaudere.
1030 2090 1169 2155 Vestrae
1198 2088 1297 2175 igitur

175 2178 344 2243 cudendae
373 2179 560 2243 humilitatis
592 2177 849 2263 magnitudinem
946 2178 1022 2242 satis
1052 2176 1204 2241 admirari
1236 2195 1294 2240 ne·
1313 2181 1361 2249 sot
1376 2186 1425 2236 79¹

184 2286 257 2348 neo,
344 2265 599 2350 magnificaeque
616 2266 701 2329 circa
720 2265 786 2328 mei
800 2266 958 2330 vilitatem
973 2264 1181 2350 benignitatis
1197 2267 1295 2347 atquc

186 2352 342 2416 ‘ectionis
364 2351 598 2437 plenitudinem
683 2351 914 2436 condignarum
993 2349 1295 2436 recompensatione

121 2444 141 2506 3
164 2438 338 2524 gratiarum
424 2439 567 2504 remetiri
588 2458 653 2501 non
676 2437 809 2517 sufficio,
898 2437 983 2522 quia,
1007 2458 1079 2502 cum
1094 2435 1295 2522 philosophi·
1312 2461 1339 2502 eo

164 2526 210 2590 cia
232 2524 376 2610 adprime
399 2525 511 2589 studiis
535 2525 664 2589 enutriti
753 2531 786 2589 et
808 2525 942 2589 seientia
963 2523 1061 2609 longe
1085 2521 1297 2588 excellentius

165 2611 233 2676 sitis
260 2611 411 2697 perfecti,
498 2612 564 2676 mei
587 2611 776 2696 opuseulum
799 2612 870 2676 vilis
893 2610 1101 2674 mulierculae
1189 2614 1298 2674 vestra

164 2697 377 2763 admiratione
394 2697 524 2782 dignum
542 2698 678 2762 duxistis
766 2703 800 2762 et
814 2697 1001 2782 largitorem
1016 2697 1050 2761 in
1064 2714 1117 2760 me
1133 2696 1297 2780 operantis

165 2785 290 2871 gratiae
359 2784 502 2849 fraterno
518 2784 638 2849 affeetu
653 2785 853 2869 gratulantes
867 2783 1032 2866 laudastis,
1103 2780 1296 2846 arbitrantes

164 2871 244 2935 mihi
265 2872 371 2935 inesse
395 2871 625 2956 aliquantulam
648 2871 816 2935 scientiam
838 2871 971 2951 artium,
1060 2887 1194 2955 quarum
1216 2867 1293 2932 sub·
1311 2892 1337 2935 aa

120 2958 262 3022 ltilitas
290 2958 387 3042 longe
414 2959 570 3043 praeterit
599 2958 665 3022 mei
691 2957 850 3022 muliebre
876 2956 1052 3042 ingenium.
1144 2952 1296 3041 Denique

162 3044 375 3109 rusticitatem
389 3063 483 3108 meae
501 3044 748 3109 dictatiunculae
797 3044 953 3108 haetenus
968 3043 1023 3108 rix
1038 3039 1199 3106 andebam
1214 3060 1297 3126 pan-

13 3144 143 3208 acem.
163 3132 209 3195 ois
224 3151 263 3195 ac
278 3130 479 3194 solummodo
496 3131 706 3196 familiaribus
722 3132 803 3196 meis
821 3128 1010 3205 ostendere;
1081 3126 1167 3193 unde
1189 3146 1296 3214 paene

165 3237 265 3303 opera
288 3218 426 3281 cessavit
448 3217 591 3282 dictandi
677 3219 763 3281 ultra
786 3215 908 3303 aliquid
930 3216 1123 3298 huiusmodi,
1212 3214 1296 3300 quia,

162 3305 244 3368 sicut
266 3305 360 3390 pauci
382 3303 488 3385 fuere,
513 3306 565 3389 qni
587 3324 641 3368 me
663 3304 821 3389 prodente
844 3305 1076 3390 perspicerent,
1163 3301 1209 3366 ita
1231 3321 1297 3366 non
1314 3325 1342 3367 ro

163 3390 266 3472 multi,
291 3389 355 3474 qui,
377 3391 430 3454 vel
447 3390 523 3476 quid
539 3390 766 3475 corrigendum
781 3393 913 3472 inesset,
939 3391 1157 3471 enuclearent,
1245 3387 1298 3452 rel

121 3489 139 3548 5
163 3475 206 3541 ad
235 3475 420 3541 audendum
446 3477 567 3562 aliquid
596 3477 670 3542 huie
699 3478 802 3542 simile
825 3483 1048 3563 provocarent.
1137 3476 1182 3539 At
1203 3494 1297 3555 nunc,

249 3666 266 3719 6
283 3669 350 3720 nulli
367 3671 452 3737 placet
464 3669 496 3719 Μ
499 3689 506 3720 r
526 3670 675 3736 composui
686 3668 876 3720 homoeoteleuta
885 3667 974 3734 pratia
1043 3666 1060 3719 9
1078 3667 1194 3718 uinctam
1205 3666 1241 3716 ric
1255 3663 1298 3724 Mr

161 3755 329 3807 synonymum
346 3741 453 3806 ligatam
711 3807 713 3814 Ι

249 3826 384 3878 emerem.
405 3824 587 3878 leudicam
599 3824 644 3875 M:
656 3814 772 3886 notrae
784 3825 818 3891 ef.
827 3841 856 3889 p.
866 3826 924 3888 106,
933 3826 976 3875 25.
989 3826 1082 3888 renea
1093 3831 1117 3875 c
1127 3822 1209 3889 Pasa.
1222 3819 1298 3883 7§11

161 3891 196 3945 27
215 3894 388 3947 dictatuncnle
406 3895 441 3946 M

252 4031 267 4083 1
293 4034 328 4098 cs.
351 4033 434 4085 Pica.
455 4032 534 4099 steph.
547 4035 649 4093 10,790
673 4033 739 4085 bene
763 4033 790 4083 in
812 4031 943 4095 datorem,
969 4029 1039 4097 quod
1056 4029 1138 4091 dedit,
1165 4026 1299 4080 refuderis.

161 4100 180 4154 4
207 4102 243 4168 cf.
258 4101 336 4167 prim.
348 4105 404 4154 143.
508 4101 525 4153 8
548 4103 583 4168 cf.
606 4101 690 4153 Prad.
714 4102 780 4153 cath.
793 4103 818 4164 3,
826 4104 862 4152 28
890 4108 1010 4165 sertaque
1037 4098 1146 4163 mystica
1171 4096 1299 4162 dactylico

162 4181 251 4224 texere
268 4171 342 4222 docta
359 4172 412 4239 liga
430 4172 553 4237 strophio.

251 4260 385 4378 Enrsbrma
420 4257 456 4312 32
473 4261 508 4327 cs.
527 4259 625 4311 mter.
638 4263 679 4322 19,
688 4263 716 4311 rt
734 4259 761 4309 in
780 4274 823 4310 ore
836 4258 945 4309 duorum
958 4263 1005 4306 aut
1016 4256 1094 4306 trium
1106 4253 1209 4305 metium
1222 4249 1300 4301 stabit

163 4343 241 4380 omns
255 4343 301 4379 ver
320 4345 370 4379 nm.
1003 4361 1007 4367 .
