2970 4890
588 358 644 412 13.
665 357 823 426 Goagotsus.

243 530 325 595 Post
346 529 429 594 hace
451 550 517 593 non
539 551 611 595 raro
633 531 807 596 visitabant
831 550 904 593 ossa
926 538 1062 614 sacrata,

289 616 493 690 Quaerentes
517 623 640 681 certum
665 617 803 703 deniqne
826 617 1036 702 praesidium:

246 701 439 767 Sternuntur
461 723 552 766 sacro
575 724 744 789 procerum
768 723 896 789 quoque
921 718 1056 788 corpora
1077 705 1172 770 busto

291 790 354 853 Pro
377 791 465 853 vitae
489 791 593 853 causis
616 790 773 853 instabilis
796 790 908 861 variis;

244 879 315 957 Ast,
339 876 394 960 qui
416 881 544 960 sceptra
567 876 661 960 gerit,
682 882 864 1024 prostratus
887 895 1048 939 marmora
1069 876 1183 941 lambit

288 960 333 1025 Et
354 961 435 1025 libat
458 962 581 1025 tumulo
606 982 715 1026 oscus
737 980 931 1042 marmoreo,

244 1047 379 1111 Munere
402 1067 460 1132 sps
485 1047 577 1112 dictis
599 1049 752 1132 rogitans,
777 1069 839 1132 quo
863 1048 1001 1111 martiris
1023 1047 1099 1110 almi

288 1133 353 1197 Pro
376 1135 499 1197 meritis
521 1132 666 1198 Christus
690 1136 730 1198 sit
753 1134 813 1197 sibi
836 1134 1002 1219 propitius.

248 1286 333 1360 Quid
355 1286 495 1350 referam
517 1288 645 1351 turbam
670 1289 783 1371 templi
804 1306 863 1371 pro
886 1286 997 1350 limine
1019 1286 1147 1367 iactam,

289 1371 416 1446 Quidve
438 1374 554 1457 loquor
576 1380 652 1436 vota
673 1374 758 1437 illius
779 1374 965 1436 innumera?

246 1458 340 1522 Haec
363 1464 451 1523 certe
473 1460 579 1522 nullus
602 1460 687 1543 potis
710 1467 760 1522 est
781 1457 1003 1543 conprendere
1027 1477 1139 1522 sensus

289 1544 359 1608 Nec
381 1552 516 1629 possunt
539 1546 624 1609 ullae
649 1544 756 1609 dicere
778 1545 951 1608 litterulae.

247 1631 293 1694 At
315 1638 427 1694 contra
448 1652 526 1695 vero
552 1632 642 1694 testis
663 1631 898 1716 prosperrimus
919 1632 997 1715 ipsis

289 1717 440 1801 Largitur
462 1717 536 1780 talis
559 1737 694 1781 munera
717 1716 905 1797 dulcedinis,

249 1801 361 1866 Omnis
382 1809 418 1866 ut
440 1804 564 1888 absque
587 1824 679 1866 mora
700 1805 807 1883 sentit,
831 1803 899 1866 lore
923 1821 1081 1885 prospera
1103 1809 1226 1882 cuncta,

289 1888 480 1973 Efflagitant
503 1895 622 1952 testem
644 1911 702 1973 pro
728 1890 842 1974 quibus
865 1889 1046 1971 egregium:

246 1973 309 2038 Hic
332 1983 419 2039 certe
444 1976 531 2038 laeto
555 1996 670 2040 caecus
693 1977 762 2039 risu
784 1979 935 2059 reparato

290 2060 407 2124 Haurit
429 2083 508 2125 mox
532 2063 631 2125 oculis
653 2062 774 2125 lumina
797 2062 883 2124 clara
906 2060 981 2138 suis,

246 2147 290 2210 At
312 2168 354 2211 ue
377 2147 431 2212 diu
454 2149 583 2212 clausae
606 2154 792 2211 reserantur
814 2147 946 2211 vocibus
969 2165 1074 2227 aures,

290 2169 332 2296 lt
354 2255 482 2316 gressus
504 2235 622 2319 plantis
644 2233 789 2298 redditur
812 2232 976 2304 invalidis;

247 2317 309 2383 Hic
333 2341 460 2404 quoque
485 2319 526 2383 de
550 2320 646 2383 variis
667 2320 798 2383 morbus
822 2318 995 2404 depellitur
1018 2318 1135 2401 aegris,

289 2402 452 2470 Mundatis
474 2407 627 2469 membris
652 2405 790 2489 denique
813 2404 1015 2488 languidolis.
1269 2416 1317 2483 [οἱ.
1330 2418 1380 2467 37¹r

250 2489 338 2554 Orsis
361 2512 425 2556 non
447 2493 541 2556 valeo
566 2492 663 2576 digne
686 2493 854 2578 praeclara
875 2510 1009 2554 monere

290 2576 434 2657 Munera,
459 2599 542 2663 qnae
565 2579 704 2663 populus
726 2579 778 2641 hic
800 2577 894 2640 metit
916 2577 1077 2660 egregius.

248 2660 317 2727 Nec
340 2665 442 2727 solum
465 2666 531 2728 cari
553 2665 740 2727 refoventur
763 2683 874 2726 amore
896 2664 1034 2746 patroni,

293 2747 371 2820 Quis
394 2752 481 2813 cives
504 2753 584 2813 tanti
607 2751 742 2834 contigit
765 2769 836 2813 esse
859 2749 932 2820 viri;

253 2833 317 2898 Sed
340 2838 461 2921 pariter
484 2838 576 2900 terris
598 2838 783 2900 habitantes
806 2836 889 2898 forte
912 2834 1045 2897 remotis

295 2921 479 2986 Sentiscunt
501 2929 663 3006 promtum
685 2922 823 2985 martiris
846 2920 1010 2984 auxilium.

250 3006 333 3071 Hinc
356 3030 390 3072 se
415 3008 541 3072 felicem
565 3011 666 3072 iactat
688 3009 751 3072 Tul
773 3015 859 3071 terra
880 3027 940 3091 per
963 3005 1086 3085 orbem,

294 3093 384 3165 Quae
408 3095 498 3158 molli
521 3097 645 3178 gremio
669 3095 820 3158 confovet
843 3114 917 3156 ossa
939 3112 1039 3156 sacra.

252 3245 400 3331 Denique
425 3250 608 3311 summatim
632 3248 726 3332 coepi
749 3247 823 3331 quia
845 3251 979 3324 tangere
1004 3243 1105 3307 sancti

294 3331 445 3417 Gongolfi
467 3334 554 3398 lacta
576 3335 715 3398 martiris
738 3333 881 3416 egregia,

249 3417 374 3499 Restat,
397 3426 433 3482 ut
456 3422 544 3483 tenui
568 3428 715 3504 repetam
738 3437 885 3482 sermone
908 3417 1068 3480 misellam

141 3526 181 3566 sao
293 3505 383 3568 Illius
405 3505 570 3590 indignam
595 3506 742 3590 coniugio
767 3525 916 3586 ganeam,

253 3591 411 3676 Quodque
437 3593 528 3657 dedit
551 3595 676 3677 signum
697 3593 813 3654 merito
837 3587 1043 3675 dampnanda
1064 3586 1194 3650 baratro

293 3677 398 3741 Invita
420 3681 558 3764 propriis
582 3679 775 3742 conveniens
797 3677 929 3741 meritis.

229 3883 281 3936 498
299 3888 404 3953 dinique
422 3888 454 3936 M
549 3886 598 3938 501
619 3884 675 3952 Ast]
694 3890 727 3953 cf.
746 3887 800 3937 ind.
819 3895 891 3937 metr.
987 3882 1039 3936 503
1055 3883 1131 3935 almis
1149 3880 1276 3940 Bartsch,-

140 3955 176 4021 οἱ.
200 3954 282 4020 (long.
301 3961 346 4007 192
451 3954 503 4009 508
524 3966 619 4023 posunt
637 3957 667 4005 M
769 3953 819 4006 509
842 3956 1015 4021 prosperimus
1033 3953 1065 4003 Μ
1166 3951 1218 4002 512
1243 3953 1277 4002 Et

138 4025 157 4074 fl
194 4025 306 4074 'tantM
372 4024 422 4076 514
443 4025 718 4076 fulminaM:eorreoei
786 4023 837 4076 516
850 4025 992 4075 blantisdl
1057 4018 1277 4074 bllmoribusM

139 4041 201 4144 5115Ι
211 4110 313 4145 mouere
333 4095 367 4144 Μ
434 4095 483 4146 521
504 4098 652 4146 resonantur
670 4112 701 4145 ea
718 4097 826 4145 rcfouct·
844 4111 911 4145 corr.
931 4094 973 4143 Μι
1044 4091 1094 4143 531
1113 4094 1232 4155 Quotqne
1245 4088 1280 4138 Μ

229 4264 280 4317 505
302 4268 397 4319 iactam
421 4269 437 4319 ι’.
454 4285 475 4318 s.
498 4269 627 4318 iacentem.
707 4263 757 4317 526
780 4266 815 4333 ef.
834 4265 917 4317 Pacu.
940 4263 1132 4328 nept.11,138
1155 4261 1275 4312 canitiem

140 4336 215 4388 molli
233 4338 352 4388 confovet
370 4338 397 4387 in
415 4338 520 4403 gremio.
607 4333 657 4386 527
676 4336 710 4401 cf.
729 4335 801 4386 Mor.
813 4339 852 4386 21.

195 4422 382 4473 Ilaonsvrrnar
400 4437 492 4474 orsas.
1106 4414 1123 4466 4
