2970 4890
595 310 858 367 HROTSVITHAE
877 310 1007 366 OPERA.

341 487 392 553 Tu
415 485 484 550 sine
530 484 663 569 rinaipio
685 484 822 549 verbum
844 485 945 570 patris
967 505 1096 571 quoque
1119 505 1243 568 verum,

339 574 383 639 Et
404 592 480 637 mea
502 506 544 636 de
568 572 659 636 caelo
683 571 769 635 solus
792 573 952 657 sapientia
973 593 1062 637 vera.

341 661 388 724 At
409 679 494 723 nunc
515 659 548 722 in
572 656 688 723 dextra
710 658 813 722 victor
834 659 1003 744 requiesce
1025 664 1162 744 patema

340 745 506 827 (laudens,
528 765 630 829 usqne
653 750 726 809 tuos
748 764 868 830 ponam
891 751 1023 810 cunctos
1044 745 1191 810 inimicos

343 833 535 898 Sanctorum
558 851 618 917 per
639 831 750 895 saecla
772 830 894 916 pedum
916 831 976 896 tibi
997 832 1059 897 rite
1082 830 1283 900 scabellum.³

382 919 560 1004 Postquam
582 923 731 982 natsrram
754 917 819 981 iam
841 917 883 982 de
906 917 1001 983 busto
1024 917 1202 983 redivivam

339 1005 525 1071 Humanam
547 1005 628 1069 solio
652 1003 798 1068 Christus
821 1004 921 1088 patris
945 1005 1052 1069 intulit
1073 1005 1150 1087 alto,

342 1091 465 1158 Omnes
488 1091 657 1175 angelicae
680 1091 840 1155 submissa
861 1111 942 1155 voce
966 1097 1117 1156 catervae

340 1178 536 1244 Laudabant
559 1178 676 1264 ipsum,
699 1177 755 1262 qui
778 1182 970 1261 regnaturus
992 1180 1025 1241 in
1048 1198 1165 1242 aarum

338 1266 478 1330 Mortem
502 1264 621 1329 devicit
644 1264 786 1328 moriens
808 1263 1030 1350 mundumque
1052 1263 1201 1345 redemit,
1369 1267 1419 1333 [01-
1431 1268 1477 1318 Μ’

338 1352 384 1416 Ut
405 1372 543 1438 regnare
567 1371 642 1414 suos
666 1350 789 1414 faceret
810 1371 870 1435 per
893 1352 1025 1415 saecula
1047 1371 1167 1415 servos.

381 1678 474 1744 Haec
498 1679 690 1763 quicumque
714 1678 814 1763 legat,
836 1677 1002 1742 miseranti
1023 1682 1156 1763 pectore
1180 1675 1279 1740 dicat:

338 1763 424 1830 ‘Rex
445 1767 511 1851 pie,
535 1763 747 1828 Hrotsvithae
769 1784 907 1850 parcens
928 1765 1084 1828 miserere
1106 1762 1264 1844 misellae,

337 1850 380 1915 Ili
402 1852 454 1916 lac
478 1851 592 1915 divinis
615 1851 788 1936 persistere
812 1851 946 1916 caelitus
970 1850 1040 1915 odis

232 1963 269 2003 isc
338 1938 443 2018 Hanc,
468 1958 552 2023 quae
574 1937 736 2002 laudando
761 1937 877 2003 cecinit
899 1944 955 2000 tua
977 1938 1064 2002 faeta
1087 1934 1270 2021 stupenda?

318 2127 367 2179 131
385 2128 515 2195 pacientia
527 2127 559 2177 M
645 2125 696 2178 140
714 2123 787 2190 secla
800 2126 833 2175 M
918 2124 1369 2190 141n1at0(·stoinraa.m.1)nr

233 2195 283 2248 149
300 2197 408 2248 caelitus
425 2199 461 2247 εἰσ
480 2197 526 2260 n1,·
543 2198 601 2248 iteca
621 2197 703 2262 Gecp.
714 2199 764 2248 386

320 2365 369 2420 138
376 2385 429 2433 sqq.
447 2369 481 2434 cf.
496 2368 591 2433 psalm.
611 2371 667 2431 109,
680 2371 700 2418 1.
