2970 4890
591 327 662 383 113.
682 326 857 382 Oolinuolus
1244 329 1295 385 135

697 499 758 564 ΠΙ.

312 620 640 688 RESUSCITATIO
662 620 923 686 DRUSIANAE
944 621 1002 685 ΕΤ
1025 619 1294 706 clumam}

248 712 303 797 qui
326 730 400 774 eam
423 729 487 772 non
509 708 612 770 solum
628 708 745 788 vivam,
765 711 771 788 Ι
789 707 849 772 sed
872 710 971 772 etism
993 729 1072 793 prae
1094 708 1223 773 tristitia
1244 715 1295 772 at·

247 818 310 883 que
348 795 558 859 execratione
591 793 693 856 illiciti
727 795 846 858 amoris
878 796 911 858 in
947 792 1078 859 domino
1107 796 1295 861 mortum!

246 885 319 970 plus
342 883 427 946 iusto
451 880 586 944 amavit:
608 881 613 959 Ι
632 878 719 944 unde
735 900 843 944 morsu
864 882 1024 965 serpentis
1045 880 1132 945 male
1154 881 1265 967 periit;
1290 896 1295 964 Ι

247 969 317 1050 sed,
339 967 494 1053 precibus
509 966 612 1028 sancti
626 965 779 1029 Iohannis
802 968 939 1052 apostoli
961 987 1026 1031 una
1048 987 1121 1031 oum
1135 965 1297 1031 Drusiana
1325 975 1338 1015 ⁸

248 1056 468 1135 resuscitatus,
488 1054 493 1136 Ι
512 1055 546 1116 in
568 1049 695 1116 Christo
720 1054 960 1134 estimatus!

10 1414 69 1465 paq.
81 1398 141 1449 193.
558 1393 763 1460 Cluuienus.
809 1416 899 1459 lusci.
1312 1411 1362 1478 set
1375 1413 1423 1464 ω*

193 1481 364 1546 Dnusnus.
410 1481 641 1545 Asnuomcass
686 1502 816 1546 emenus
839 1481 1004 1548 Ionsuuns.
1048 1482 1265 1548 Fonuuusnus.

120 1600 150 1666 1·
507 1599 624 1664 Paucis
646 1621 714 1681 vos,
737 1601 840 1677 amici,
864 1601 948 1667 volo.
969 1602 975 1684 Ι

249 1706 341 1750 mci.
384 1683 498 1766 Utere,
522 1693 677 1770 quantum
700 1687 790 1767 libet,
812 1695 921 1751 nostro
943 1688 1139 1774 colloquio!
1317 1716 1342 1756 u

250 1771 456 1836 Cemmenus.
502 1770 536 1835 Si
559 1792 659 1857 aegre
682 1794 746 1836 non
768 1775 927 1859 accipitis,
949 1775 1048 1856 malo,
1067 1775 1073 1859 Ι
1092 1794 1150 1838 vos
1171 1772 1299 1838 interim

162 1858 360 1944 sequestrari
383 1857 519 1921 aliorum
542 1879 562 1921 a
585 1859 732 1943 collegio.
754 1859 759 1940 Ι

249 1965 341 2093 plutei.
387 1942 484 2016 Quod
512 1945 571 2009 tibi
603 1944 731 2009 videtur
760 1944 981 2026 commodum,
1009 1947 1014 2027 Ι
1042 1945 1136 2010 nobis
1167 1953 1218 2010 ost
1247 1964 1297 2011 se·

185 2050 250 2095 uon
273 2038 364 2104 um!

163 2053 185 2117 q
250 2115 457 2180 Cluuienus.
502 2114 707 2180 Accedamus
729 2117 762 2181 in
793 2118 968 2183 secretiora
989 2120 1070 2200 loca,
1091 2120 1096 2200 Ι
1115 2137 1157 2183 ne
1184 2116 1300 2203 aliquis
1317 2143 1341 2183 u

162 2202 396 2289 superveniens
419 2201 632 2286 interrumpat
655 2203 802 2267 dicenda
823 2211 828 2278 Ι

250 2308 342 2353 sulci.
388 2286 434 2351 Ut
456 2287 546 2351 libet.

57 2539 93 2605 11
120 2544 135 2604 1
250 2541 457 2609 canimenos.
502 2542 610 2607 Anxie
633 2543 752 2628 diuque
774 2565 907 2629 gravem
928 2545 933 2625 Ι
953 2545 1088 2609 sustinui
1111 2543 1268 2626 dolorem,
1292 2545 1298 2629 Ι

163 2649 261 2715 quem
283 2637 391 2693 vestro
415 2629 547 2692 consilio
568 2629 573 2709 1
593 2631 731 2694 relevari
754 2650 851 2715 posse
875 2650 981 2715 spero.
1002 2635 1008 2709 Ι

250 2736 341 2780 unici.
375 2715 527 2799 Aequum
544 2721 604 2797 ost,
620 2722 656 2779 ut
671 2719 907 2782 communicata
920 2716 1060 2780 invicem
1076 2716 1299 2802 compassione
1317 2738 1343 2780 so

164 2802 335 2887 patiamur,
356 2809 361 2878 Ι
382 2801 533 2887 quicquid
554 2803 725 2887 unicuique
743 2810 886 2868 nostrum
909 2803 1075 2887 utriusque
1091 2807 1211 2868 eventu
1232 2800 1299 2868 for·

163 2894 263 2952 tunae
285 2888 485 2973 iugeratim!

252 2973 458 3039 Osuiuscnus.
505 2972 532 3037 Ο
556 2974 679 3037 utinam
701 2974 882 3039 voluissetis
910 2995 1018 3039 meam
1043 2971 1301 3060 compassionem

164 3059 392 3145 compatiendo
415 3080 542 3123 mecum
563 3061 689 3144 partiri!

10 3174 72 3226 paq.
85 3161 146 3211 194.
251 3166 343 3211 unici.
388 3144 547 3225 Enuclea‚
580 3146 657 3231 qnid
678 3146 830 3232 patiaris,
861 3154 908 3228 et,
935 3148 962 3211 si
989 3167 1042 3211 res
1066 3145 1181 3231 exigit,
1212 3162 1299 3209 oom-
1317 3166 1343 3208 es

163 3232 339 3320 patiemur3
360 3236 365 3313 Ι
385 3232 433 3295 sin
463 3237 585 3296 autem:
618 3233 760 3296 animum
790 3239 879 3297 tuum
908 3254 928 3296 a
960 3254 1100 3319 nequam
1121 3230 1301 3296 intentione

165 3320 311 3382 rovocari
332 3319 472 3382 nitimur.
492 3320 497 3400 Ι

119 3396 140 3457 2
253 3402 457 3470 (licinianus.
503 3405 597 3470 Amo.

250 3511 344 3555 Anici.
389 3489 496 3563 Quid?

252 3574 457 3641 (licinianus.
501 3575 585 3640 Rem
608 3575 786 3661 pulchram,
807 3577 811 3659 Ι
831 3595 899 3639 rem
923 3573 1127 3658 venustam}
1319 3595 1345 3637 ao

250 3681 343 3725 ssim.
386 3661 456 3726 Nec
478 3662 510 3726 in
533 3663 619 3742 solo,
648 3681 709 3725 nec
732 3663 764 3725 in
788 3662 888 3736 omni;
908 3661 913 3744 Ι
933 3660 1007 3725 idco
1030 3668 1189 3742 atomum,
1213 3655 1301 3745 quod

164 3766 264 3827 amas,
288 3767 347 3831 per
368 3747 430 3812 hoc
453 3749 565 3833 nequit
585 3748 742 3833 intellegi.
762 3751 767 3826 Ι

250 3904 421 3956 Cinmscaus.
456 3903 473 3955 3
492 3906 672 3957 excaecatione
691 3904 786 3965 Ocltes5
802 3905 847 3956 ced
866 3905 900 3971 cs.
920 3903 991 3956 Gall.
1004 3903 1024 3953 Ι
1033 3908 1049 3955 6
1067 3903 1111 3965 §3
1127 3899 1197 3966 (eat.
1213 3905 1229 3954 9
1245 3899 1301 3968 Η)

163 3968 198 4022 10
214 3968 298 4036 amicis
315 3972 348 4021 M
425 3971 458 4023 27
477 3990 600 4026 reuocare
621 3973 701 4025 Getta
776 3971 811 4025 32
828 3974 918 4040 nequit
935 3973 971 4024 cic
989 3971 1024 4022 Μ
1023 3989 1033 4032 ,·
1045 3972 1120 4037 plica
1137 3972 1302 4024 membrum

163 4041 325 4092 mamacas
343 4041 441 4093 litterae
459 4043 492 4093 -it
509 4052 575 4095 certo
594 4044 686 4109 ccccvi

249 4164 420 4214 Cinmscuus.
465 4161 497 4215 16
515 4165 550 4230 cf.
570 4163 641 4214 Gall.
655 4162 697 4213 11
715 4162 732 4225 §
745 4166 768 4213 7.
855 4158 891 4212 20
908 4162 943 4227 cs.
962 4159 1123 4222 Alr.3§1.
1211 4154 1245 4208 26
1263 4154 1298 4223 cf.

163 4245 257 4295 appar.
281 4232 318 4282 od
340 4232 489 4284 ocellis
514 4233 530 4295 §
551 4234 574 4284 3.
666 4229 770 4296 312qq.
793 4232 828 4297 cf.
852 4229 1059 4296 Pc-Auymtini
1079 4227 1222 4293 eateyorioe
1246 4222 1297 4288 (ed.

162 4299 258 4351 Bcncd.
274 4300 323 4351 'X
327 4301 368 4351 VI
377 4304 410 4353 63
418 4302 483 4367 sqq.)
504 4300 558 4352 cl
583 4294 694 4364 (ἄτομα,
713 4296 872 4368 lucipetas).
910 4303 926 4350 7
947 4298 990 4362 (ut
1012 4297 1110 4350 animal
1132 4296 1164 4348 de
1182 4293 1297 4346 subiecto
