2978 4898
159 307 212 363 5³6

194 493 227 533 44.
259 484 323 547 psa.
343 492 389 531 444.
410 492 457 531 sss.
479 493 537 533 4444.
568 478 650 547 prim.
669 479 726 544 444).

193 546 274 602 iuxta
286 564 390 603 morem
404 546 470 601 Bas.
480 561 518 601 444
535 546 581 617 (ef.
590 548 672 616 prim.
682 549 726 616 44).

194 617 274 671 iuxta
291 633 383 672 meum
396 616 507 686 pessel
553 617 638 670 ,4.11
689 631 727 670 .s.

193 686 274 740 iuxta
291 703 383 741 meum
401 684 473 739 velle
491 632 621 750 Alias
642 632 726 765 ἐξίει.

193 757 235 822 5,4
250 755 432 824 (4444444444
445 752 526 821 add).
601 754 727 824 applicat

194 824 304 893 inpexis
326 825 406 878 iuxta
428 822 475 877 sed
497 839 526 876 se
544 824 660 892 paliuris
678 830 725 878 etc.

161 892 282 1032 οὶτῗἭ
295 909 359 1015 llein
388 960 531 1015 dominnm
558 961 666 1030 respuit
692 961 727 1014 ob

195 1036 270 1084 1444444
284 1029 375 1084 umG
429 1044 495 1084 ‚ssa
522 1029 557 1084 cb
572 1030 647 1099 qnod
664 1030 728 1098 (4.4.

191 1099 408 1247 crecti,
416 1114 591 1223 ’.144111
603 1099 644 1221 ll
652 1116 729 1223 41111

195 1239 273 1302 citor,
296 1241 330 1291 ut
348 1279 354 1292 .
373 1278 379 1291 .
399 1236 484 1301 Pasa.
502 1239 526 1300 3,
540 1254 572 1292 rc.
608 1241 727 1292 tortores

195 1306 294 1361 sudore
307 1306 343 1360 ob
356 1306 549 1360 lassitudinem
561 1306 652 1361 fluunt
664 1306 726 1375 Sap.

161 1378 221 1514 pei]
232 1391 325 1512 ⁸teque
343 1459 392 1513 per
409 1443 565 1513 angelicum
578 1444 654 1506 fecit,
673 1444 727 1498 vir-

195 1515 325 1636 fiuncula,
344 1511 460 1567 verbum
478 1513 512 1567 de
530 1517 626 1569 sancto
642 1514 728 1583 digne

215 1582 308 1636 amine
331 1581 476 1651 concipere
498 1582 572 1636 Mar.
592 1597 625 1637 44.
666 1600 728 1653 pas·

196 1669 275 1706 surus
292 1653 408 1705 mortem
422 1667 555 1730 magnum
573 1651 661 1707 nostri
679 1670 728 1722 per

537 303 799 361 HROTSVITHAE
818 303 947 360 OPERA.

786 481 847 547 pest.
871 479 928 544 444).
968 493 1024 544 quo
1051 475 1154 530 mentis
1183 475 1319 546 splendor,

788 545 847 599 eius
860 561 910 615 per
923 544 1023 599 faciem
1036 548 1238 599 monstraretur
1253 548 1318 600 ruti·

788 615 894 669 lentem
916 613 1088 683 disceptas.
1119 614 1256 683 languens
1273 633 1320 685 per

787 684 882 737 taedia
900 682 990 737 cordis
1009 685 1075 736 Bas.
1089 698 1135 737 ros.
1171 701 1221 752 per
1239 701 1318 753 quem

788 753 888 820 (pater)
911 752 965 832 sibi
989 752 1101 806 saecula
1119 752 1187 832 fecit
1203 753 1230 806 A
1269 771 1319 808 .rs.

787 822 1320 971 eclesiasticarum

788 964 877 1014 tatem
895 959 949 1013 tibi
968 960 1018 1013 fiat
1029 977 1169 1029 morigera
1187 960 1319 1026 Graes

787 1033 921 1091 atomum,
940 1028 1015 1097 qnod
1033 1046 1119 1096 amas,
1138 1046 1189 1098 per
1206 1030 1259 1084 hoc
1275 1047 1320 1084 ne·

788 1099 852 1167 quit
870 1098 999 1167 intellegi
1014 1096 1070 1152 cal.
1083 1100 1108 1162 2,
1119 1114 1138 1153 4.
1170 1099 1262 1153 civilis
1274 1116 1321 1170 per

788 1184 833 1222 me
862 1168 910 1221 fiet
939 1166 1078 1220 discordia
1110 1167 1166 1221 Cal.
1185 1170 1214 1234 4,
1232 1186 1251 1223 4.
1290 1186 1320 1222 sc

788 1237 919 1306 deinceps
945 1253 994 1316 per
1019 1237 1145 1290 ordinem
1168 1235 1235 1304 Sap.
1252 1238 1276 1302 3,
1289 1254 1319 1292 44.

787 1323 887 1429 {orpus
907 1305 1015 1385 fatiscit
1033 1322 1083 1374 per
1100 1305 1319 1429 suppliciaffl.

809 1391 847 1439 ,4.
883 1391 979 1430 ceure
1011 1392 1124 1428 namne
1146 1393 1213 1429 num
1311 1405 1321 1415 ·

788 1445 828 1498 ire
865 1462 895 1498 er
913 1392 1037 1513 ampffim
1051 1450 1115 1513 pest.
1124 1395 1173 1499 rges.
1198 1462 1320 1514 regnum,

789 1532 827 1583 qu
890 1512 958 1568 olim
983 1530 1033 1593 per
1055 1531 1156 1568 manus
1179 1515 1253 1584 regis
1276 1514 1320 1568 de

789 1583 868 1638 venit
879 1583 1006 1651 Hngoms
1022 1589 1082 1652 pest.
1095 1597 1134 1637 444
1148 1598 1213 1651 app.
1242 1583 1321 1636 undi-

789 1668 844 1732 que
873 1651 1008 1706 silvestris
1038 1669 1088 1721 per
1113 1669 1216 1721 gyrum
1241 1653 1321 1706 sellis

195 1737 318 1774 amorem
334 1719 409 1774 Mar.
426 1735 452 1774 44
474 1720 538 1787 (ae.
553 1728 676 1789 preprer,·
693 1727 728 1792 ef,
784 1737 867 1790 prem.
879 1736 925 1775 444.
960 1720 1036 1775 iurat
1052 1737 1102 1791 per
1118 1721 1254 1790 gladium,
1273 1738 1321 1791 per

194 1789 310 1857 aseae.
321 1805 366 1844 444.
384 1789 467 1843 Dima
477 1804 509 1843 44.
527 1795 592 1860 pest.
603 1792 634 1859 4).
653 1792 729 1859 quic·
789 1789 969 1844 candidulum
982 1807 1093 1860 quoque
1106 1790 1209 1845 collum
1222 1792 1258 1857 (a.
1264 1806 1286 1844 c.
1292 1793 1320 1859 i.)

195 1857 263 1926 qnid
278 1858 409 1927 possedit,
422 1875 472 1927 per
483 1861 539 1912 tres
553 1863 645 1928 partes
658 1876 729 1914 rese·
784 1861 866 1927 prim.
879 1873 925 1914 444.

195 1927 401 1981 4441411444.
429 1928 458 1980 in
471 1927 568 1996 longin
590 1945 653 1981 uam
667 1946 728 1998 per·
755 1929 828 1998 pest]
847 1928 991 1996 praecipue
1011 1928 1166 1997 posthaec
1189 1929 1263 1984 Mar.
1277 1943 1320 1983 444.

195 2014 264 2063 gens
281 2012 332 2064 per
349 1995 431 2049 devia
443 1999 545 2049 terram
591 2013 632 2051 ar.
645 2013 670 2052 44
682 2004 727 2052 etc.

194 2065 243 2133 qui
261 2064 364 2118 iustam
377 2065 513 2119 consolari
527 2065 606 2119 dedit
618 2067 728 2120 Annam

195 2149 244 2202 per
261 2149 306 2187 me
326 2133 399 2186 Mar.
410 2149 447 2188 444
465 2135 512 2203 (os.
524 2151 547 2188 e.
560 2148 606 2189 444.
619 2151 667 2190 444.
680 2151 727 2190 444.

195 2203 323 2271 spara.
343 2201 415 2257 Gall.
424 2203 503 2257 inser.
521 2208 583 2272 gest.
596 2208 654 2271 444).
679 2221 729 2274 ρετ

195 2288 280 2340 quam
315 2271 419 2326 mundo
456 2271 535 2326 venit
570 2271 728 2329 benedictio

195 2357 303 2394 summe
324 2341 400 2395 Mar.
417 2355 454 2396 444
480 2342 527 2410 (ef.
547 2341 662 2410 Theeplr.
681 2356 727 2398 444.

196 2424 241 2465 444.
259 2424 306 2465 scs.
323 2424 370 2464 444.
397 2410 484 2465 Dice.
502 2427 548 2467 444.
578 2410 649 2467 Gall,
666 2415 691 2480 6,
704 2424 727 2475 r:

195 2496 245 2547 per
272 2482 425 2547 martyrum
453 2479 586 2549 suffragia
611 2480 728 2536 caan

194 2552 219 2611 9,
229 2550 260 2617 4).
290 2548 333 2616 (rc
350 2548 427 2619 deta)
445 2549 581 2603 finetenus
598 2549 727 2604 stabilem

195 2619 326 2688 regnaret
344 2617 404 2671 iure
421 2635 472 2688 per
489 2618 584 2673 orbem
602 2620 676 2674 Mar.
689 2633 727 2673 444

195 2688 239 2752 (cf.
254 2703 277 2739 o.
296 2701 342 2740 444.
355 2690 412 2754 su).
448 2688 529 2742 istius
548 2691 660 2742 tenerae
678 2705 727 2742 no-

194 2772 257 2808 men
281 2754 397 2823 dignare
419 2757 529 2825 puellae
547 2758 664 2811 caelitus
686 2758 727 2811 in-

194 2824 274 2878 diciis
300 2840 350 2892 per
376 2829 405 2878 te
432 2830 585 2887 monstrare
608 2828 727 2881 coruscis

195 2894 268 2946 Mar.
282 2907 319 2946 444
343 2894 388 2958 (cs.
407 2911 429 2948 4.
448 2910 492 2949 444.
509 2910 555 2949 444.
583 2913 634 2950 444.
648 2913 675 2962 s,-
695 2896 727 2949 de

191 2969 253 3029 pest.
274 2977 324 3016 4444
351 2979 373 3015 e.
392 2970 561 3032 augescere).
601 2965 637 3019 sd
664 2982 726 3034 pro·

215 3032 249 3084 rii
268 3033 379 3100 partum
398 3034 459 3086 nati
478 3050 527 3103 per
543 3035 654 3088 saecula
666 3035 726 3088 noti

227 3117 267 3154 or.
281 3114 319 3155 444
336 3117 399 3168 app.
425 3103 473 3170 (cf.
491 3121 514 3156 a.
531 3118 577 3157 aso.
592 3119 638 3158 444.
655 3103 726 3172 Apa.

194 3185 226 3223 44.
241 3185 287 3235 rer,
304 3174 329 3222 et
342 3168 401 3247 44441.
414 3172 480 3224 cera
493 3173 611 3239 aevum).
639 3190 726 3241 nsque

194 3255 244 3306 per
255 3237 414 3307 angelicum
424 3242 544 3310 sumpsit
556 3258 634 3295 sacra
648 3242 726 3308 virgo

193 3308 350 3361 ministrum
375 3324 465 3362 eseam
484 3311 557 3364 Mar,
571 3327 616 3364 444.
652 3312 726 3365 hunc

195 3377 262 3444 quia
281 3376 423 3429 transferri
442 3396 547 3431 ramum
589 3398 618 3433 er
635 3380 726 3435 sidera

193 3445 261 3498 iussi
279 3447 352 3498 Mar.
365 3460 402 3499 sos
423 3447 469 3513 (cf.
486 3448 544 3501 Ps·
579 3449 645 3502 44414.
661 3466 683 3503 4.
696 3457 726 3503 21

193 3531 277 3580 quam
299 3516 353 3570 feci
378 3517 521 3570 transferri
540 3517 569 3569 in
588 3518 726 3585 paradiso,

192 3588 216 3634 et
235 3583 287 3637 Pel.
301 3589 359 3650 soe).
396 3601 446 3652 per
468 3589 619 3655 praecepta
637 3588 725 3655 patria

193 3652 337 3720 complesti
355 3657 462 3709 viscera
479 3655 578 3708 matris
591 3656 666 3710 Mar.
679 3672 725 3710 444.

193 3738 265 3789 quae
287 3721 384 3794 (deno)
411 3740 459 3776 rex
483 3724 543 3793 poli
567 3741 617 3793 per
643 3726 725 3779 nubis

192 3791 292 3844 mirum
312 3794 425 3848 miserat
444 3793 565 3847 officium
578 3793 665 3861 Gerre.
679 3809 725 3848 444.

192 3877 242 3928 ρετ
272 3864 345 3918 vasti
375 3863 496 3918 volitans
527 3865 583 3917 cite
610 3863 726 3918 climate

192 3930 289 3984 mundi
311 3932 396 4002 Genp.
414 3946 452 3988 444
470 3949 532 4000 app.
568 3934 616 4001 qui
635 3934 725 4001 patris

191 4001 291 4053 summi
310 4004 415 4072 prolem
434 4017 483 4070 per
501 4002 605 4071 scripta
622 4003 724 4072 negari

194 4068 307 4137 decept.
321 4088 358 4126 444
379 4072 427 4141 (cs.
442 4072 523 4138 444444.
536 4075 595 4133 444).
630 4071 725 4126 orbem

192 4154 324 4194 renovare
351 4159 401 4210 ρει·
428 4140 520 4208 ignem
549 4140 659 4208 llreopla
678 4155 723 4195 444.

192 4224 263 4274 quae
299 4228 375 4264 sacra
415 4209 546 4263 insedixit
578 4211 723 4278 scriptura,

192 4291 241 4341 per
258 4294 339 4332 omne
358 4279 477 4347 reperit
492 4279 656 4347 ererrphsca
674 4280 720 4349 (cf.

789 2011 1320 2053 mmmmmmmm

788 2081 827 2120 444
843 2071 888 2119 aa.
916 2066 1050 2147 Eaaapla
1066 2069 1166 2132 4444444,
1185 2067 1240 2120 nisi
1257 2065 1321 2135 444141

789 2150 827 2188 sc
836 2135 906 2201 fore
917 2136 1022 2202 fessae,
1038 2136 1240 2205 remeante
1255 2136 1320 2200 tre,-

787 2205 819 2256 444
845 2203 976 2259 dramatis
1003 2204 1153 2283 Gadda.
1179 2205 1243 2261 Abr.
1260 2206 1321 2268 ar.

789 2272 877 2396 geom
895 2280 1134 2353 4444444444,
1156 2273 1229 2353 ruod
1247 2274 1322 2328 send

816 2343 877 2409 asa.
886 2347 932 2409 4,4
946 2342 1075 2410 escaus,
1088 2343 1206 2412 posthac
1217 2360 1248 2395 444
1260 2347 1319 2412 post

788 2411 1038 2466 haecoerreaerum:
1054 2429 1119 2465 44444
1135 2412 1160 2465 ai
1177 2412 1226 2466 {aa
1236 2412 1318 2477 ferina

788 2480 911 2536 Hrotsor't
928 2482 1038 2536 omnino
1058 2481 1102 2534 ati
1122 2480 1221 2548 velud,
1242 2496 1319 2550 qaam

787 2549 867 2604 medii
891 2551 951 2605 aeui
974 2552 1113 2618 scriptores
1138 2551 1320 2604 reserarier

785 2620 1320 2688 peneresolent,aeaerat,careaia

787 2689 952 2742 concinitas
957 2688 1319 2756 mammaemamm—

827 2775 870 2810 4444
882 2758 974 2811 adera
984 2759 1123 2825 aeriasque
1134 2773 1262 2811 4444444444
1278 2764 1319 2812 eei.

811 2828 855 2879 all.
865 2828 944 2882 inser.
958 2828 1131 2896 (abipropter
1140 2828 1319 2894 rescriptionis

787 2897 914 2949 rotronem
923 2901 987 2965 post
996 2897 1064 2950 haec
1076 2897 1143 2962 porri
1151 2897 1196 2950 esa
1204 2900 1318 2963 peterat)

788 2971 813 3018 et
838 2966 919 3032 prim.
943 2982 980 3020 444
1011 2970 1125 3035 postea;
1154 2966 1216 3019 dem
1244 2967 1318 3020 444ιεί

790 3033 846 3089 Gal.
859 3036 907 3100 3,4
931 3035 1107 3103 postmodum
1126 3035 1319 3089 homoeoteleati

787 3120 883 3156 caasa:
912 3121 961 3172 pro
988 3105 1077 3159 dolor!
1109 3104 1245 3158 hactenus
1272 3121 1317 3174 pa·

786 3191 860 3236 rum,
885 3175 889 3241 Ι
914 3174 961 3227 sed
984 3191 1073 3245 spero,
1099 3173 1174 3241 quod
1199 3174 1317 3227 attineat

787 3243 995 3364 postmodnm),
1061 3248 1090 3297 te
1103 3247 1166 3311 post
1178 3242 1317 3297 dominum

787 3312 876 3366 solam
888 3312 977 3379 Theop
997 3327 1055 3391 ,444
1079 3313 1143 3380 post
1156 3313 1245 3367 scelus
1255 3312 1317 3366 Bas.

787 3394 882 3529 tati
892 3382 947 3503 ..(1
945 3381 1318 3505 sacrasacra

786 3518 843 3572 bile
865 3520 965 3572 festum
984 3524 1057 3573 esset
1076 3522 1239 3574 cunctorum
1257 3536 1317 3573 moa

786 3591 851 3656 post
877 3588 993 3641 biduum
1021 3589 1217 3643 celebrandum
1240 3589 1317 3656 prim.

787 3671 832 3712 444.
857 3658 917 3711 eius
929 3662 993 3726 post
1005 3674 1093 3712 annos
1105 3657 1241 3712 discessus
1254 3675 1318 3727 psu-

787 3743 832 3780 cos
852 3728 933 3794 pum.
946 3742 993 3781 444.
1029 3729 1179 3796 posterga
1197 3733 1258 3795 pest.
1270 3741 1318 3780 4444

785 3794 930 3862 (deserina
947 3801 972 3849 et
988 3797 1179 3864 antiquissima
1197 3801 1220 3849 et
1238 3811 1318 3850 reeca

786 3865 887 3918 44444444
905 3881 954 3933 pos
973 3870 1008 3928 ef.
1023 3864 1059 3919 F.
1073 3865 1215 3920 Rttsclselis'
1231 3881 1319 3933 opaea.

786 3933 823 3986 ΙΙ
841 3951 871 4001 p.
891 3942 947 3988 549.
967 3941 1014 3989 572
1042 3940 1068 3988 et
1092 3935 1213 4000 d'raabe,
1239 3936 1272 3988 P.
1291 3932 1318 3987 C,

786 4002 919 4056 4444144
933 4021 962 4072 p.
976 4005 1017 4069 3);
1037 4003 1166 4073 princeps
1186 4005 1216 4057 in
1234 4021 1318 4074 regne

786 4075 850 4141 post
872 4088 964 4141 regem
989 4078 1053 4142 gest.
1070 4089 1120 4135 444;
1143 4073 1319 4129 Gallicanum

785 4144 890 4210 postte
904 4142 1040 4195 trahendo
1054 4141 1125 4195 Gall.
1134 4144 1158 4204 5,
1171 4157 1191 4197 4.
1261 4141 1319 4196 adr.

785 4212 841 4279 (ie.
849 4213 953 4279 postea)
971 4211 1035 4264 Bas.
1044 4226 1090 4265 444.
1108 4210 1193 4266 Dion.
1204 4228 1237 4265 44.
1249 4213 1319 4280 Aac.

785 4295 831 4335 444.
862 4281 946 4350 longo
960 4283 1023 4350 post
1040 4284 1164 4350 tempore
1179 4281 1261 4349 prim.
1274 4296 1319 4335 444.
