2970 4890
729 111 967 183 ndumentis„
1361 122 1411 178 188

154 284 201 375 [11
224 284 257 373 l]
368 281 542 350 Sarranum.
588 282 732 349 Monstra
752 273 1064 372 viam'preeeundo,
1083 293 1089 373 Ι
1108 309 1167 355 nos
1189 291 1413 380 subsequimur

281 368 529 455 accelerando!

133 581 264 712 wffimf
366 629 554 697 Anrmcuus.
598 628 663 694 Hic
684 628 754 714 ipse
777 634 828 693 est
848 630 1033 715 imperator,
1056 654 1152 718 quem
1173 634 1207 699 in
1229 636 1309 701 solio
1330 638 1410 703 resi-

283 718 413 784 dentem
435 717 604 802 conspicis;
624 716 630 796 Ι
649 716 847 800 praecogita,
870 716 947 800 quid
968 719 1146 803 loquaris!

368 803 540 870 Sameram.
584 800 659 866 Hoc
685 801 836 886 prohibet
862 800 980 867 Ohristi
1008 807 1177 886 sententie,
1196 807 1203 891 Ι
1221 811 1411 893 promittens
1440 830 1453 870 s

236 970 256 1031 ²
282 889 620 1040 nobisADinsuperabip'Is
643 888 821 1037 sappentiqe
840 886 938 1039 tqonp.
959 893 982 1057 ΙΙ

418 997 532 1042 manus.
612 995 652 1038 ue
673 993 693 1036 a
717 993 762 1055 es,
816 994 838 1037 u
865 995 904 1039 oc
927 995 956 1040 e.

365 1063 553 1128 Amoenus.
597 1060 732 1125 Praesto
755 1080 835 1142 sum,
859 1059 996 1126 domine.
1016 1061 1022 1145 Ι

367 1149 534 1213 Auunuus.
579 1145 743 1231 Numquid
757 1146 820 1210 hae
836 1152 910 1210 eunt
923 1148 1142 1233 mulierculae,
1161 1153 1167 1233 Ι
1187 1172 1267 1238 quas
1282 1152 1410 1221 delere-

280 1235 340 1298 bes
362 1255 420 1321 pro
444 1234 616 1299 christiane
637 1233 813 1318 religione?
832 1233 838 1316 Ι
1428 1261 1455 1305 ιο

366 1320 555 1385 Amoenus.
601 1317 682 1383 Sunt
703 1319 836 1405 plane!

369 1408 536 1471 Absumus.
592 1403 849 1489 Uniuecuiusque
879 1404 1146 1490 pulchritudinem
1176 1408 1410 1499 obstupescat

280 1492 340 1556 sed
363 1499 397 1557 et
417 1492 619 1557 honestatem
641 1491 771 1556 habitus
793 1491 871 1555 setis
892 1490 1043 1556 admirari
1064 1513 1201 1579 nequeo.
1222 1495 1228 1578 Ι

365 1579 555 1645 Aumoeuus.
599 1576 731 1661 Desine,
755 1599 773 1642 ο
796 1578 841 1642 mi
856 1578 972 1660 senior,
994 1577 1147 1646 admirari
1165 1580 1171 1665 Ι
1191 1587 1225 1646 et
1239 1602 1321 1668 coge
1337 1583 1410 1649 illas

280 1664 359 1730 deos
381 1665 536 1731 uenerari.
555 1667 561 1747 Ι
1428 1690 1452 1731 rs

234 1756 253 1817 3
368 1752 535 1816 Annianus.
583 1747 678 1828 Quid,
701 1749 727 1813 si
749 1749 821 1813 illes
843 1749 981 1835 primule
997 1749 1167 1836 aggrediar
1186 1751 1308 1819 blanda
1328 1756 1410 1821 ello·

283 1838 448 1922 quntioue,
467 1839 473 1919 Ι
492 1838 519 1901 si
541 1835 625 1901 forte
647 1835 748 1900 velint
770 1834 907 1900 cederet
926 1834 933 1922 Ι

367 1923 556 1992 Aurmcuus.
600 1920 717 1986 Melius
746 1927 808 1997 est;
834 1942 910 1986 nem
937 1921 1095 2006 fragilitas
1124 1943 1222 1990 sexus
1250 1925 1382 1992 feminei
1405 1926 1410 2014 Ι

282 2009 407 2074 facilius
429 2014 537 2094 potest
558 2006 786 2073 blandimentis
807 2008 934 2072 molliri.
955 2011 960 2086 Ι

366 2094 536 2162 Anamuus.
578 2094 714 2158 Illustris
735 2100 892 2175 matrona,
912 2094 917 2175 Ι
936 2092 1054 2158 blande
1082 2099 1117 2159 et
1137 2095 1246 2179 quiete
1277 2095 1320 2160 ad
1342 2098 1410 2162 cul·
1428 2116 1454 2159 so

234 2269 253 2327 4
282 2180 543 2332 ffl‘tltllt
565 2178 1409 2334 *ellitlltlttttttttttttt¹

275 2374 341 2419 nec
364 2354 536 2418 amicitiam
559 2358 667 2416 tecum
690 2353 794 2438 gestio
816 2353 932 2431 inire!
1377 2286 1408 2357 Ἰ

369 2439 536 2508 Acamans.
580 2437 707 2521 Adhuc,
729 2439 876 2524 mitigato
898 2439 1016 2518 furore,
1036 2443 1041 2513 Ι
1060 2437 1147 2502 nulla
1169 2438 1203 2502 in
1223 2445 1257 2504 te
1279 2459 1413 2506 moveor

283 2524 513 2610 indignatione,
532 2528 539 2608 Ι
558 2524 617 2589 sed
642 2545 701 2610 pro
728 2531 785 2589 tua
810 2526 921 2610 tuique
952 2524 1088 2589 filiarum
1116 2524 1219 2590 salute
1244 2526 1250 2609 Ι
1274 2531 1410 2613 patemo
1428 2542 1453 2586 ss

204 2660 254 2708 277
281 2612 434 2677 sollicitor
455 2631 575 2676 amore.
596 2612 601 2690 Ι

136 2674 193 2724 paq.
236 2693 261 2789 5'
367 2695 539 2763 Sarranum.
583 2696 704 2774 Nolite,
722 2716 818 2761 mese
833 2696 930 2777 tiliae,
943 2695 947 2781 Ι
962 2696 1154 2782 serpentinis
1168 2695 1262 2762 huius
1277 2702 1409 2764 satanae

280 2784 446 2848 lenociniis
469 2805 524 2850 cor
546 2803 721 2884 apponere,
740 2784 746 2865 Ι
766 2782 825 2847 sed
846 2782 979 2847 meatim
1001 2780 1153 2848 fastidite.
1172 2787 1179 2862 Ι
1423 2788 1472 2858 fol

366 2869 470 2935 Fisus.
514 2868 709 2935 Fastidimus
731 2874 765 2934 et
787 2869 1172 2955 enimocoutempnimus
1194 2869 1318 2939 frivola.

367 2958 535 3022 Acamans.
580 2954 665 3029 Quid
686 2955 914 3020 murmurando
937 2954 1123 3041 loqueris'll
1428 2971 1454 3013 so

369 3041 541 3108 Sarranum.
585 3041 686 3106 Filias
706 3041 830 3106 effabar
851 3042 997 3127 paucis}

239 3118 258 3179 6
368 3128 536 3194 Acamans.
569 3127 699 3193 Videris
715 3148 786 3192 esse
802 3129 933 3192 summis
948 3128 1108 3192 natalibus
1124 3132 1204 3209 orta,
1227 3124 1285 3192 sed
1301 3131 1411 3192 tamen

282 3214 554 3366 pacm,
572 3211 1410 3386 ttttffit,tltlllltllt‘lstttts

283 3385 399 3469 dende,
412 3388 415 3474 Ι
427 3393 536 3452 tamen
551 3389 639 3453 clara
655 3407 697 3451 ex
712 3388 811 3472 stirpe
823 3385 888 3473 lme
905 3387 1061 3471 originem
1076 3406 1140 3451 uon
1154 3405 1239 3471 nego
1251 3383 1408 3473 trahere}
1427 3418 1453 3459 ῃ

367 3575 401 3629 25
418 3584 526 3644 patema
538 3575 581 3627 Μ’
650 3573 685 3628 29
703 3577 780 3627 Fraus
797 3576 888 3640 scripsi
900 3572 970 3641 (item
982 3593 1012 3641 p.
1025 3574 1150 3641 184,17):
1168 3576 1197 3626 F.
1210 3573 1255 3632 sa·
1271 3588 1354 3628 rmus
1371 3593 1410 3644 sp.

316 3647 377 3710 sort.
395 3647 551 3698 Fastidimus
562 3642 566 3712 Ι
577 3653 603 3697 et
619 3646 706 3697 animo
722 3646 816 3697 frivola
832 3642 1049 3714 contempnimus!
1120 3643 1155 3697 85
1172 3644 1271 3711 extirpo
1286 3642 1321 3697 Μ

368 3800 386 3854 5
413 3802 448 3870 cf.
471 3801 685 3866 Dus.12,11sq..·
711 3815 770 3851 cum
794 3806 880 3851 sutem
901 3799 1025 3852 inducent
1045 3815 1092 3851 ves
1114 3799 1141 3849 in
1167 3815 1180 3849 s
1332 3804 1359 3849 st
1377 3796 1412 3849 ad

284 3870 447 3936 magistratus
470 3878 496 3922 et
516 3877 667 3938 potestates,
694 3868 773 3920 nolite
799 3868 902 3920 solliciti
924 3884 981 3920 essa
1006 3867 1193 3936 (praecogitare
1246 3882 1300 3917 ars.
1318 3868 1410 3929 18,11,·

284 3940 318 4003 cf.
331 3954 361 4003 p.
373 3943 430 4002 129,
439 3939 475 4003 o),
493 3941 603 4006 qualiter
621 3945 668 3990 aut
685 3938 748 4003 quid
765 3938 938 4004 respondeatis
954 3946 1001 3990 aut
1018 3938 1080 4003 quid
1098 3935 1199 3999 dicati„
1217 3935 1323 4000 spiritns
1343 3934 1411 3986 enim

284 4016 389 4060 sanctus
405 4010 507 4061 docebit
523 4026 570 4061 vos
587 4012 615 4061 in
632 4008 690 4074 ipsa
707 4007 778 4069 nors,
796 4007 858 4072 quid
876 4014 992 4073 oporteat
1008 4023 1054 4058 vos
1071 4006 1163 4057 dicere.
1244 4000 1280 4056 28
1296 4002 1411 4056 meatim:

284 4077 319 4142 cf.
334 4077 388 4129 esd.
403 4094 512 4145 pretam.
