2970 4890
635 313 648 366 1
668 314 691 367 1.
710 311 814 366 Musio.

271 482 376 557 Quem
399 486 488 570 cupit
511 485 622 565 occidi,
645 486 798 549 simulans
820 505 855 549 se
878 485 962 549 velle
985 488 1121 572 precari.

266 570 330 644 Qui
351 580 551 636 monstrante
572 573 657 637 viam
680 573 776 636 stella
796 580 937 659 pergunt
959 575 1022 637 cito
1045 581 1178 657 rectam,

265 657 392 722 Intrant
415 666 449 722 et
470 659 562 743 pueri
584 658 708 743 regalia
731 665 818 723 tacta
840 659 953 723 tenelli

267 744 358 808 Haut
379 747 468 809 vario
492 752 579 810 certe
603 744 755 829 digestim
777 747 865 831 picta
887 746 1005 827 colore,

268 831 390 896 Sideris
413 833 570 917 obsequio
594 833 675 896 tanti
697 831 755 896 sed
776 834 838 897 rito
861 832 976 919 polits;

269 919 366 982 Proni
388 920 531 1004 vestigiis
553 918 691 1003 figentes
713 919 823 986 oscula
845 918 954 1003 prolis,

272 1004 411 1070 Orantss
433 1007 572 1091 preculis
595 1005 707 1070 humili
730 1025 858 1091 quoque
881 1026 961 1070 voce
984 1005 1132 1092 profusis,

269 1091 366 1155 Trino
389 1094 565 1158 caelestem
588 1100 785 1156 venerantur
806 1112 939 1157 munere
962 1112 1085 1176 regem,

268 1177 364 1242 Hunc
385 1178 613 1265 hominemque
637 1178 734 1244 deum
759 1179 828 1243 desi
874 1185 967 1243 autes
989 1180 1187 1244 moriturum.

270 1263 343 1345 Qui,
365 1286 443 1330 mox
464 1267 497 1330 in
520 1266 640 1330 somnis
663 1266 776 1330 moniti
798 1286 835 1328 su
881 1273 1029 1351 tempore
1052 1267 1164 1346 noetis,

268 1351 321 1416 Ad
346 1353 481 1436 patriam
504 1353 583 1418 laeti
607 1352 755 1435 redeunt,
777 1373 837 1437 per
859 1351 954 1416 devia
977 1351 1074 1417 ducti.
1292 1356 1340 1425 sol.
1354 1361 1402 1408 nv

312 1438 372 1502 His
393 1440 439 1504 ita
461 1440 604 1524 digestis,
627 1439 779 1504 Herodes
801 1440 960 1525 pessimus
981 1439 1082 1504 hostis

265 1526 405 1612 Augusti
427 1528 514 1591 iussu
537 1527 675 1591 Romam
699 1526 868 1591 deducitur
891 1546 979 1611 ergo,

269 1612 341 1685 Quo
364 1614 416 1677 vel
439 1621 601 1699 purgaret,
625 1615 682 1678 lex
704 1622 740 1678 ut
761 1613 911 1678 Romana
933 1612 1075 1692 doceret,

271 1698 419 1764 Criminis
441 1701 581 1787 inposita
603 1700 645 1766 de
667 1702 777 1786 magni
801 1721 836 1764 se
860 1700 923 1765 cito
946 1700 1051 1785 culpa,

267 1785 332 1850 Vel
354 1787 467 1873 capitis
489 1808 630 1873 poenam
651 1788 735 1852 iuste
758 1793 926 1873 pateretur
947 1807 1105 1851 amaram:

268 1870 416 1959 Namque
439 1894 514 1938 reus
535 1875 712 1939 maiestatis
736 1873 860 1939 dicetur
880 1874 1004 1941 herilis:

270 1958 313 2023 Et
334 1963 450 2025 merito
474 1961 573 2025 talem
595 1963 716 2047 patitur
737 1962 802 2025 iam
825 1961 1051 2048 suspicionem,

271 2044 333 2119 Qui
355 2049 442 2133 cupit
463 2047 586 2112 insidiis
608 2049 738 2133 vulpino
764 2048 860 2112 corde
883 2048 1005 2133 paratis

271 2132 400 2198 Prolem
424 2134 573 2199 caelestis
595 2135 736 2199 divinam
759 2135 896 2220 perdere
919 2136 1016 2220 regis.

270 2219 344 2284 Hoc
366 2242 440 2285 nam
464 2220 570 2286 divino
594 2230 673 2286 nutu
695 2222 816 2286 lactum
837 2223 908 2286 lore
931 2220 1039 2298 eredo,

274 2305 369 2379 Quod
390 2316 466 2372 tunc
512 2315 636 2373 ercerte
659 2309 798 2372 Romam
820 2308 992 2373 mandatur
1013 2305 1113 2385 adire,

272 2394 343 2468 Quo
366 2396 426 2459 sibi
448 2330 611 2460 suNuacto
634 2396 716 2480 legis
739 2395 943 2460 mandamine
966 2400 1081 2460 cuncta

272 2480 402 2546 Plenius
424 2483 456 2545 in
478 2489 554 2546 nato
578 2483 816 2568 complerentur
838 2483 901 2546 cito
926 2480 1062 2546 Christo.

314 2567 462 2654 Namque
486 2569 715 2654 quaterdenis
738 2591 831 2633 cursu
854 2568 992 2632 ducente
1015 2565 1155 2653 peractis

274 2654 419 2740 Virginei
441 2663 552 2739 partus
574 2655 725 2740 digestim
747 2657 808 2720 rite
831 2655 957 2734 diebus,

270 2740 333 2806 Hic
355 2743 457 2807 factor
477 2742 630 2807 membris
653 2743 815 2807 caelorum
838 2762 978 2827 namque
1000 2739 1129 2804 tenellis

273 2828 401 2893 sistitur
422 2830 455 2893 in
477 2831 607 2916 proprio
630 2849 732 2914 parvo
755 2850 826 2893 cum
849 2848 983 2893 munere
1006 2826 1139 2913 templo,

271 2915 363 2980 Uluis
386 2924 543 3001 exceptus
565 2917 709 2981 tremulis
732 2917 807 2980 iusti
829 2914 1009 3001 symeonis,

271 3002 315 3065 ut
337 3003 447 3067 muudi
469 3003 617 3068 dominus
641 3002 808 3088 condignis
832 3009 881 3066 est
904 3001 1091 3067 benedictus

273 3088 352 3153 Odis
375 3111 417 3154 ex
439 3091 510 3176 ipso
533 3093 616 3155 iusto
640 3090 793 3157 Simeone
815 3097 943 3154 vetusto

271 3174 404 3240 Necnon
426 3177 551 3241 famosa
572 3179 740 3264 praesagis
763 3175 896 3243 vocibus
918 3176 1024 3241 Anna.

272 3262 333 3326 His
356 3284 482 3349 quoque
506 3266 675 3349 completis
697 3267 789 3329 iuxta
811 3263 1018 3328 mandamina
1039 3262 1122 3349 legis

275 3349 329 3414 Ad
351 3352 488 3434 patriam
510 3351 661 3416 Bethlem
684 3351 850 3416 redierunt
872 3352 1017 3435 protinus
1038 3350 1161 3415 urbem.

315 3435 399 3501 Nam
446 3443 496 3501 ost
517 3437 600 3502 haec
622 3438 705 3503 binis
727 3439 907 3503 mansurnis
928 3457 1034 3524 paene
1057 3437 1201 3523 repletis,
1295 3457 1344 3524 soz,
1358 3458 1405 3509 rar

270 3523 384 3588 Hostis
407 3457 448 3588 alr
473 3525 570 3589 exilio
593 3527 726 3589 veniens
750 3544 920 3610 perversus
943 3545 1064 3604 amaro,

274 3609 369 3684 Quod
391 3609 505 3675 dixere
528 3613 625 3696 magi,
646 3611 801 3677 volvebat
821 3619 931 3675 mente
955 3610 1086 3691 dolenti,

162 3723 202 3762 sss
274 3695 317 3762 Se
339 3699 408 3761 nati
430 3700 556 3763 stellam
579 3701 665 3785 regis
688 3699 807 3763 vidisse
831 3697 993 3762 decoram.

252 3886 304 3940 660
319 3889 390 3940 iusso
408 3888 533 3940 Bartsch:
550 3874 629 3956 iussll)
647 3890 686 3953 M,
703 3890 793 3941 iussus
801 3907 822 3955 p
893 3884 945 3938 670
956 3887 1120 3938 mandamina
1131 3885 1176 3936 M:
1194 3885 1295 3936 amas·

164 3955 360 4024 (prophetaram
371 3959 501 4023 vaticinia,
513 3977 536 4009 o.
548 3961 804 4022 praesumsisse,
817 3974 870 4008 noo
882 3965 942 4008 sunt
953 3957 1120 4008 mandamina
1131 3956 1205 4020 legia,
1218 3974 1240 4006 o.
1253 3959 1295 4005 54.

167 4027 230 4091 680)
236 4044 246 4091 ,·
265 4035 359 4078 cuncta
375 4035 404 4078 ut
415 4026 486 4078 Mar.
502 4032 554 4079 787.
570 4031 626 4093 866,
638 4031 718 4095 prim.
731 4032 777 4080 391
847 4023 899 4078 672
911 4027 1012 4078 dicente
1026 4025 1059 4076 Μ
1125 4023 1177 4076 674
1189 4023 1295 4075 membri

164 4097 291 4161 scalarum
309 4096 361 4160 M¹,
378 4098 485 4148 membri
503 4099 617 4161 cqlomm
635 4098 696 4163 M¹p
782 4094 833 4148 684
850 4096 966 4148 uollsbat
983 4095 1044 4161 ΜΨ

252 4251 303 4304 656
317 4270 353 4318 sq.
376 4256 410 4319 of.
437 4252 541 4305 seluce
557 4271 588 4318 p.
600 4253 683 4305 36212.
770 4248 821 4302 657
843 4252 878 4316 cf.
901 4250 1016 4302 Huemer
1038 4248 1075 4299 ad
1093 4247 1182 4299 Nedul.
1196 4246 1232 4296 II
1240 4249 1296 4296 102.

168 4320 219 4371 658
237 4323 272 4386 cf.
291 4321 414 4374 Pel178.
508 4319 558 4373 659
577 4325 611 4387 cf.
631 4323 712 4388 Gorty.
723 4325 781 4383 419,
801 4320 855 4372 Pel.
868 4323 907 4372 61.
999 4317 1051 4370 666
1069 4318 1103 4384 cs.
1122 4317 1215 4382 Sapo
1230 4315 1297 4376 §22
