2970 4890
601 339 615 393 Ι
633 339 658 394 8.
676 340 775 408 ΑΜ.

643 511 738 576 VIII.

288 612 460 680 INCIPIT
481 612 638 679 PASSIO
662 613 868 680 ennom
891 615 1085 681 AGNIITIS

415 700 618 765 VIRGINIS
640 701 698 766 ΕΤ
719 701 961 767 MARTYRIS.

269 822 383 909 Virgo,
428 843 500 904 uae,
523 843 624 887 vanas
645 822 756 888 mundi
777 844 914 911 pompas
936 824 1048 889 ruituri

225 910 269 975 Et
290 911 385 974 luxus
406 844 532 994 dagila
555 910 688 996 cupiens
710 916 941 997 contempnere
964 912 1078 990 carnis,

226 996 411 1062 Promeruit
432 997 519 1081 regis
540 997 676 1062 vocitari
699 1017 819 1083 sponsa
839 998 1001 1084 perennis,

227 1083 262 1148 Si
283 1083 362 1149 velit
383 1083 551 1168 angelicae
573 1103 633 1170 pro
655 1083 847 1168 virginitatis
869 1083 993 1150 bonore

231 1170 337 1256 Ipsius
359 1171 518 1254 astrigera
540 1170 648 1256 sponsi
671 1170 822 1235 caelestis
844 1170 877 1234 in
900 1171 975 1236 aula

229 1256 351 1322 Addita
373 1256 535 1321 caelicolis
557 1256 659 1321 nitida
680 1256 806 1342 fulgere
830 1277 950 1322 corona

228 1343 337 1429 Atque
360 1363 501 1430 sequens
523 1363 642 1427 agnum
666 1363 796 1408 carmen
820 1350 951 1411 cantare
975 1364 1137 1426 sonorum,

230 1429 410 1495 Conservet
432 1448 512 1515 pure
536 1431 660 1495 sincero
684 1429 790 1495 cordis
812 1450 923 1496 amore

229 1516 362 1601 Signum
384 1516 566 1591 laudabilis,
591 1515 678 1602 quod
699 1522 819 1601 portat,
841 1516 1048 1603 virginitatis;

231 1601 414 1689 Quae(que)
440 1608 537 1687 caput
560 1601 688 1668 Christo
711 1603 818 1688 signat
839 1602 1000 1669 velamIne
1023 1624 1126 1688 sacro,

229 1688 376 1783 Haereat
397 1689 518 1755 affectu
541 1696 654 1755 tenero
678 1695 862 1754 constanter
883 1689 917 1754 in
938 1690 993 1755 illo

229 1776 279 1840 Ao
302 1777 422 1840 cunctis
445 1777 516 1841 aliis
538 1777 643 1861 ipsum
667 1781 847 1863 praeponat
868 1777 990 1857 amicis,

231 1861 303 1943 Qui,
325 1863 460 1926 rutilans
481 1863 625 1944 nimium,
648 1864 753 1927 forma
774 1863 939 1950 speciosus
961 1883 1109 1946 amoena,

230 1947 334 2013 Natos
357 1957 543 2015 cunctarum
564 1950 680 2014 merito
703 1949 801 2015 vincit
821 1950 1002 2016 mulierum.

234 2033 332 2099 Cuius
355 2057 466 2102 amore
490 2035 621 2122 quidem
643 2036 806 2101 feruentes
830 2057 971 2122 congrue
995 2035 1121 2124 pridem

230 2121 403 2208 Perplures
426 2143 537 2188 sacrae
560 2123 719 2187 constanti
741 2121 838 2188 corde
860 2124 990 2210 puellae

229 2207 370 2293 Elegere
392 2210 485 2291 mori,
508 2209 613 2274 saevis
636 2209 814 2297 poenisque
836 2212 955 2291 necari,

231 2292 337 2367 Quam
360 2294 459 2361 decus
480 2297 613 2380 insignis
637 2317 761 2360 corrum
788 2317 843 2361 ere
865 2297 1069 2381 uirginitatis.

230 2380 318 2445 Inter
341 2403 420 2467 ques
444 2383 565 2468 Agnes,
588 2382 707 2447 mundo
731 2317 943 2448 ceIeberrima
965 2384 1068 2468 virgo,

230 2467 305 2535 Iure
328 2470 377 2533 sui
399 2470 509 2557 sponsi
531 2469 692 2554 condigna
712 2469 810 2535 laude
834 2466 944 2534 decori

231 2551 348 2619 Christi
371 2554 558 2621 dissimilem
581 2558 702 2621 cunctis
724 2554 890 2620 recitando
917 2555 1081 2637 decorem,

230 2640 417 2726 Virginibus
441 2643 540 2708 sacris
563 2643 632 2707 eius
658 2641 863 2707 commendat
885 2641 1004 2705 amoris

230 2726 363 2812 Pignus,
387 2729 451 2814 qui,
475 2731 603 2815 genitus
625 2749 717 2794 sacre
740 2728 781 2793 de
803 2728 939 2813 virgine,
962 2728 1051 2792 solus

232 2813 374 2900 Sponsus
398 2822 557 2881 castarum
579 2836 706 2880 necnon
729 2814 827 2880 decus
851 2819 901 2879 est
922 2815 1120 2884 animarum..

275 2900 369 2966 Haec
390 2901 503 2987 Agnes
527 2922 614 2987 ergo,
637 2902 759 2967 meritis
782 2900 959 2966 clarissima
981 2901 1083 2986 virgo,

232 2984 383 3052 Carmine
405 3008 470 3052 non
493 2989 578 3054 culto
599 2989 713 3076 pangit
737 3008 833 3075 quam
855 2994 967 3053 nostra
989 3006 1133 3068 camena,

231 3072 330 3139 Urbis
352 3075 497 3139 famosae
520 3075 717 3161 praenobilis
739 3075 846 3140 incola
866 3073 1004 3153 Romae,

232 3159 356 3224 Prodiit
379 3161 537 3226 almorum
560 3162 647 3227 clara
670 3161 711 3226 de
734 3162 833 3248 stirpe
859 3166 1040 3249 perenm,

232 3246 349 3312 inclita
369 3247 520 3313 nobilitas
544 3270 623 3335 quos
646 3250 738 3314 vexit
760 3256 794 3313 et
815 3250 902 3313 alma
922 3252 1085 3350 potestas3

233 3331 331 3400 Ortus
353 3341 452 3420 atque
477 3334 525 3398 sui
547 3335 748 3421 respondens
769 3335 931 3401 nobilitati

231 3418 372 3486 Pulchra
395 3422 456 3486 fuit
478 3422 560 3486 fecie
584 3422 725 3523 fideique
750 3421 869 3487 decora
889 3422 1004 3503 nitore,

232 3505 420 3593 Praecipuis
442 3507 574 3573 nimium
597 3509 719 3574 mentis
741 3508 926 3594 mundoque
950 3503 1097 3572 celebris.

233 3592 325 3667 Quae
347 3615 432 3670 nem,
455 3595 556 3660 tincta
577 3596 659 3661 sacri
681 3615 763 3680 pura
784 3594 987 3681 baptismatis
1008 3590 1096 3657 unda

232 3678 276 3744 Et
299 3680 340 3746 de
365 3680 475 3746 delicti
496 3682 630 3747 maculis
651 3681 809 3746 mundata
830 3681 965 3762 veterni,

122 3790 148 3831 ss
234 3765 278 3831 Se
301 3773 402 3832 totam
427 3766 555 3833 Christo
579 3768 711 3833 devovit
732 3773 843 3832 mente
865 3768 1017 3851 benigna,

210 3907 304 3958 Mim-
356 3905 374 3959 5
391 3905 478 3974 spons!
495 3907 530 3958 M
605 3906 755 3960 Sacinoero
767 3907 841 3973 M¹p¹
924 3902 958 3958 10
976 3921 1027 3972 que
1044 3903 1108 3956 odd.
1123 3903 1226 3966 oclus(
1244 3903 1249 3914 '

124 3973 196 4024 Mor.
207 3974 268 4038 873)
350 3975 383 4028 14
396 3985 549 4028 cunctorum
566 3977 628 4042 M¹p
707 3974 742 4028 24
759 3983 901 4031 cutrorum
919 3982 1061 4028 metrorum
1079 3972 1163 4039 M¹p¹,
1180 3981 1262 4025 cuto-

124 4061 182 4094 rum
196 4042 247 4106 Μ’,
267 4053 408 4096 castrorum
417 4047 452 4110 γ’
522 4043 556 4097 29
565 4063 601 4112 sq.
621 4046 678 4099 dist.
691 4045 768 4112 Betis
781 4045 813 4098 de
831 4046 860 4097 lo
871 4043 1003 4097 Brctoam
1072 4039 1107 4095 85
1124 4041 1220 4107 mente!
1231 4039 1264 4091 M

212 4166 306 4216 lours
346 4163 363 4217 4
387 4167 422 4233 cf.
447 4164 515 4232 Ago.
533 4166 587 4216 137.
611 4168 660 4216 421
681 4163 787 4229 (Maus
803 4167 844 4229 22,
862 4163 916 4230 30).
1002 4162 1021 4217 5
1046 4164 1081 4230 of.
1108 4162 1186 4215 Dicte
1204 4162 1261 4213 138.

125 4230 141 4283 'i
161 4234 197 4298 cs.
215 4235 398 4300 cpoch.14,4
416 4236 444 4284 hi
462 4242 607 4300 sequuntur
618 4251 717 4300 agnum
729 4250 892 4300 quocumque
904 4234 973 4288 ierit.
1043 4230 1077 4285 10
1094 4232 1129 4298 cf.
1148 4230 1212 4281 Bos.
1222 4232 1261 4280 31.

126 4298 162 4351 13
170 4317 205 4366 sq.
224 4303 258 4367 cf.
277 4302 366 4356 Sedet.
379 4303 458 4356 1151
475 4306 557 4356 forma
572 4305 703 4371 speciosus
719 4319 827 4356 amoena
862 4319 906 4357 rae
923 4304 983 4355 filiis
1000 4300 1080 4367 (nulia
1097 4319 1120 4354 o.
1134 4301 1164 4359 Ι.)
1181 4297 1262 4352 homi·

126 4386 191 4420 unm
209 4371 312 4436 (psalm.
323 4372 411 4439 44‚3).
499 4370 534 4425 26
551 4373 586 4439 cf.
607 4373 689 4440 θοῆς.
703 4374 744 4424 81.
883 4392 916 4416 =
924 4373 1005 4438 prim.
1017 4375 1038 4424 7.

1257 2604 1305 2671 sol.
1317 2606 1371 2658 68*
