<?xml version="1.0" encoding="UTF-8"?>
<!DOCTYPE html PUBLIC "-//W3C//DTD XHTML 1.0 Transitional//EN"
    "http://www.w3.org/TR/xhtml1/DTD/xhtml1-transitional.dtd">
<html xmlns="http://www.w3.org/1999/xhtml" xml:lang="en" lang="en">
 <head>
  <title>
</title>
<meta http-equiv="Content-Type" content="text/html;charset=utf-8" />
  <meta name='ocr-system' content='tesseract 3.04.00' />
  <meta name='ocr-capabilities' content='ocr_page ocr_carea ocr_par ocr_line ocrx_word'/>
</head>
<body>
  <div class='ocr_page' id='page_1' title='image "./hrotsvithaeoper00hrotgoog/hrotsvithaeoper00hrotgoog_0012.png"; bbox 0 0 2970 4890; ppageno 0'>
   <div class='ocr_carea' id='block_1_1' title="bbox 159 677 1297 1175">
    <p class='ocr_par' dir='ltr' id='par_1_1' title="bbox 159 677 1297 963">
     <span class='ocr_line' id='line_1_1' title="bbox 245 677 1297 762; baseline -0.001 -17"><span class='ocrx_word' id='word_1_1' title='bbox 245 679 367 745; x_wconf 86' lang='lat' dir='ltr'><strong><em>Karoli</em></strong></span> <span class='ocrx_word' id='word_1_2' title='bbox 395 678 597 744; x_wconf 85' lang='lat' dir='ltr'><strong><em>Lacbmanni</em></strong></span> <span class='ocrx_word' id='word_1_3' title='bbox 623 677 778 744; x_wconf 88' lang='lat' dir='ltr'><strong><em>natalicia</em></strong></span> <span class='ocrx_word' id='word_1_4' title='bbox 806 678 983 745; x_wconf 68' lang='lat' dir='ltr'><strong><em>saecularia</em></strong></span> <span class='ocrx_word' id='word_1_5' title='bbox 1013 679 1210 758; x_wconf 87' lang='lat' dir='ltr'><strong><em>celebraturi,</em></strong></span> <span class='ocrx_word' id='word_1_6' title='bbox 1242 680 1297 762; x_wconf 90' lang='lat' dir='ltr'><strong><em>qui</em></strong></span> 
     </span>
     <span class='ocr_line' id='line_1_2' title="bbox 159 781 1297 865; baseline 0.002 -19"><span class='ocrx_word' id='word_1_7' title='bbox 159 786 226 847; x_wconf 88' lang='lat' dir='ltr'><strong><em>tum</em></strong></span> <span class='ocrx_word' id='word_1_8' title='bbox 259 801 388 847; x_wconf 89' lang='lat' dir='ltr'><strong><em>eramus</em></strong></span> <span class='ocrx_word' id='word_1_9' title='bbox 420 781 500 864; x_wconf 85' lang='lat' dir='ltr'><strong><em>reqii</em></strong></span> <span class='ocrx_word' id='word_1_10' title='bbox 529 782 694 847; x_wconf 88' lang='lat' dir='ltr'><strong><em>seminarii</em></strong></span> <span class='ocrx_word' id='word_1_11' title='bbox 721 781 899 865; x_wconf 85' lang='lat' dir='ltr'><strong><em>pbiloloqici</em></strong></span> <span class='ocrx_word' id='word_1_12' title='bbox 925 781 1144 848; x_wconf 89' lang='lat' dir='ltr'><strong><em>Berolinensis</em></strong></span> <span class='ocrx_word' id='word_1_13' title='bbox 1176 782 1297 848; x_wconf 85' lang='lat' dir='ltr'><strong><em>sodales</em></strong></span> 
     </span>
     <span class='ocr_line' id='line_1_3' title="bbox 159 886 332 963; baseline -0.017 -11"><span class='ocrx_word' id='word_1_14' title='bbox 159 886 332 963; x_wconf 83' lang='lat' dir='ltr'><strong><em>ordinarii,</em></strong></span> 
     </span>
    </p>

    <p class='ocr_par' dir='ltr' id='par_1_2' title="bbox 268 986 1138 1175">
     <span class='ocr_line' id='line_1_4' title="bbox 272 986 1138 1072; baseline -0.002 -19"><span class='ocrx_word' id='word_1_15' title='bbox 272 1009 325 1072; x_wconf 88' lang='lat' dir='ltr'><strong><em>eqo</em></strong></span> <span class='ocrx_word' id='word_1_16' title='bbox 346 988 451 1053; x_wconf 87' lang='lat' dir='ltr'><strong><em>senior</em></strong></span> <span class='ocrx_word' id='word_1_17' title='bbox 771 986 978 1053; x_wconf 84' lang='lat' dir='ltr'><strong><em>Hermannus</em></strong></span> <span class='ocrx_word' id='word_1_18' title='bbox 999 987 1138 1053; x_wconf 76' lang='lat' dir='ltr'><strong><em>Schmidt</em></strong></span> 
     </span>
     <span class='ocr_line' id='line_1_5' title="bbox 268 1091 1086 1175; baseline 0.002 -19"><span class='ocrx_word' id='word_1_19' title='bbox 268 1091 395 1157; x_wconf 90' lang='lat' dir='ltr'><strong><em>Paulus</em></strong></span> <span class='ocrx_word' id='word_1_20' title='bbox 416 1091 547 1157; x_wconf 81' lang='lat' dir='ltr'><strong><em>Siewert</em></strong></span> <span class='ocrx_word' id='word_1_21' title='bbox 773 1092 925 1175; x_wconf 84' lang='lat' dir='ltr'><strong><em>Georqius</em></strong></span> <span class='ocrx_word' id='word_1_22' title='bbox 946 1092 1086 1158; x_wconf 83' lang='lat' dir='ltr'><strong><em>Sommcr</em></strong></span> 
     </span>
    </p>
   </div>
   <div class='ocr_carea' id='block_1_2' title="bbox 275 1193 1188 1276">
    <p class='ocr_par' dir='ltr' id='par_1_3' title="bbox 275 1193 1188 1276">
     <span class='ocr_line' id='line_1_6' title="bbox 275 1193 1188 1276; baseline 0.002 -16"><span class='ocrx_word' id='word_1_23' title='bbox 275 1193 460 1260; x_wconf 87' lang='lat' dir='ltr'><strong><em>Witbelmus</em></strong></span> <span class='ocrx_word' id='word_1_24' title='bbox 480 1193 673 1259; x_wconf 83' lang='lat' dir='ltr'><strong><em>Naclstaedt</em></strong></span> <span class='ocrx_word' id='word_1_25' title='bbox 771 1193 949 1260; x_wconf 78' lang='lat' dir='ltr'><strong><em>chdooicus</em></strong></span> <span class='ocrx_word' id='word_1_26' title='bbox 970 1195 1188 1276; x_wconf 77' lang='lat' dir='ltr'><strong><em>Scamabtlslci,</em></strong></span> 
     </span>
    </p>
   </div>
   <div class='ocr_carea' id='block_1_3' title="bbox 162 1315 1307 3276">
    <p class='ocr_par' dir='ltr' id='par_1_4' title="bbox 162 1315 1303 2212">
     <span class='ocr_line' id='line_1_7' title="bbox 162 1315 1300 1400; baseline 0.001 -16"><span class='ocrx_word' id='word_1_27' title='bbox 162 1341 195 1384; x_wconf 88' lang='lat' dir='ltr'><strong><em>a.</em></strong></span> <span class='ocrx_word' id='word_1_28' title='bbox 211 1318 243 1386; x_wconf 93' lang='lat' dir='ltr'><strong><em>d.</em></strong></span> <span class='ocrx_word' id='word_1_29' title='bbox 272 1317 297 1382; x_wconf 89' lang='lat'><strong><em>1</em></strong></span> <span class='ocrx_word' id='word_1_30' title='bbox 300 1317 336 1384; x_wconf 90' lang='lat' dir='ltr'><strong><em>V.</em></strong></span> <span class='ocrx_word' id='word_1_31' title='bbox 351 1317 464 1382; x_wconf 86' lang='lat' dir='ltr'><strong><em>Nonas</em></strong></span> <span class='ocrx_word' id='word_1_32' title='bbox 489 1316 634 1381; x_wconf 85' lang='lat' dir='ltr'><strong><em>Martias</em></strong></span> <span class='ocrx_word' id='word_1_33' title='bbox 659 1337 690 1381; x_wconf 86' lang='lat' dir='ltr'><strong><em>a.</em></strong></span> <span class='ocrx_word' id='word_1_34' title='bbox 706 1315 996 1384; x_wconf 81' lang='lat' dir='ltr'><strong><em>MDOOOXOHI</em></strong></span> <span class='ocrx_word' id='word_1_35' title='bbox 1017 1318 1161 1400; x_wconf 83' lang='lat' dir='ltr'><strong><em>Adolpbc</em></strong></span> <span class='ocrx_word' id='word_1_36' title='bbox 1182 1318 1300 1385; x_wconf 86' lang='lat' dir='ltr'><strong><em>Kircb-</em></strong></span> 
     </span>
     <span class='ocr_line' id='line_1_8' title="bbox 163 1419 1300 1504; baseline -0.001 -16"><span class='ocrx_word' id='word_1_37' title='bbox 163 1422 262 1504; x_wconf 74' lang='lat' dir='ltr'><strong><em>baffio</em></strong></span> <span class='ocrx_word' id='word_1_38' title='bbox 276 1424 306 1485; x_wconf 87' lang='lat' dir='ltr'><strong><em>ct</em></strong></span> <span class='ocrx_word' id='word_1_39' title='bbox 321 1421 462 1486; x_wconf 81' lang='lat' dir='ltr'><strong><em>Iobouni</em></strong></span> <span class='ocrx_word' id='word_1_40' title='bbox 478 1419 616 1486; x_wconf 85' lang='lat' dir='ltr'><strong><em>Vablcno</em></strong></span> <span class='ocrx_word' id='word_1_41' title='bbox 630 1420 796 1485; x_wconf 82' lang='lat' dir='ltr'><strong><em>smninarii</em></strong></span> <span class='ocrx_word' id='word_1_42' title='bbox 809 1421 979 1486; x_wconf 87' lang='lat' dir='ltr'><strong><em>rectoribus</em></strong></span> <span class='ocrx_word' id='word_1_43' title='bbox 992 1421 1300 1487; x_wconf 87' lang='lat' dir='ltr'><strong><em>animaduersionum</em></strong></span> 
     </span>
     <span class='ocr_line' id='line_1_9' title="bbox 164 1523 1299 1606; baseline 0 -16"><span class='ocrx_word' id='word_1_44' title='bbox 164 1526 202 1590; x_wconf 87' lang='lat' dir='ltr'><strong><em>in</em></strong></span> <span class='ocrx_word' id='word_1_45' title='bbox 230 1523 433 1589; x_wconf 83' lang='lat' dir='ltr'><strong><em>Hrotsvitbae</em></strong></span> <span class='ocrx_word' id='word_1_46' title='bbox 461 1544 555 1605; x_wconf 90' lang='lat' dir='ltr'><strong><em>opera</em></strong></span> <span class='ocrx_word' id='word_1_47' title='bbox 585 1525 869 1590; x_wconf 86' lang='lat' dir='ltr'><strong><em>commentariolum</em></strong></span> <span class='ocrx_word' id='word_1_48' title='bbox 898 1545 919 1589; x_wconf 93' lang='lat' dir='ltr'><strong><em>a</em></strong></span> <span class='ocrx_word' id='word_1_49' title='bbox 947 1545 996 1590; x_wconf 91' lang='lat' dir='ltr'><strong><em>me</em></strong></span> <span class='ocrx_word' id='word_1_50' title='bbox 1021 1526 1174 1606; x_wconf 75' lang='lat' dir='ltr'><strong><em>scriptum</em></strong></span> <span class='ocrx_word' id='word_1_51' title='bbox 1199 1524 1299 1590; x_wconf 87' lang='lat' dir='ltr'><strong><em>tradi·</em></strong></span> 
     </span>
     <span class='ocr_line' id='line_1_10' title="bbox 165 1626 1301 1708; baseline 0.001 -16"><span class='ocrx_word' id='word_1_52' title='bbox 165 1628 281 1693; x_wconf 87' lang='lat' dir='ltr'><strong><em>dimus.</em></strong></span> <span class='ocrx_word' id='word_1_53' title='bbox 326 1628 398 1692; x_wconf 88' lang='lat' dir='ltr'><strong><em>lam</em></strong></span> <span class='ocrx_word' id='word_1_54' title='bbox 419 1626 623 1692; x_wconf 85' lang='lat' dir='ltr'><strong><em>Hrotsoitbae</em></strong></span> <span class='ocrx_word' id='word_1_55' title='bbox 644 1647 736 1706; x_wconf 88' lang='lat' dir='ltr'><strong><em>meae,</em></strong></span> <span class='ocrx_word' id='word_1_56' title='bbox 759 1628 811 1692; x_wconf 85' lang='lat' dir='ltr'><strong><em>cni</em></strong></span> <span class='ocrx_word' id='word_1_57' title='bbox 830 1648 852 1692; x_wconf 94' lang='lat' dir='ltr'><strong><em>a</em></strong></span> <span class='ocrx_word' id='word_1_58' title='bbox 868 1628 986 1708; x_wconf 81' lang='lat' dir='ltr'><strong><em>primis</em></strong></span> <span class='ocrx_word' id='word_1_59' title='bbox 1001 1648 1104 1708; x_wconf 88' lang='lat' dir='ltr'><strong><em>paene</em></strong></span> <span class='ocrx_word' id='word_1_60' title='bbox 1125 1628 1301 1693; x_wconf 86' lang='lat' dir='ltr'><strong><em>studiorum</em></strong></span> 
     </span>
     <span class='ocr_line' id='line_1_11' title="bbox 166 1729 1302 1815; baseline 0 -18"><span class='ocrx_word' id='word_1_61' title='bbox 166 1732 274 1797; x_wconf 89' lang='lat' dir='ltr'><strong><em>initiis</em></strong></span> <span class='ocrx_word' id='word_1_62' title='bbox 295 1751 357 1815; x_wconf 91' lang='lat' dir='ltr'><strong><em>per</em></strong></span> <span class='ocrx_word' id='word_1_63' title='bbox 378 1729 509 1796; x_wconf 77' lang='lat' dir='ltr'><strong><em>Horatii</em></strong></span> <span class='ocrx_word' id='word_1_64' title='bbox 535 1730 618 1795; x_wconf 91' lang='lat' dir='ltr'><strong><em>illud</em></strong></span> <span class='ocrx_word' id='word_1_65' title='bbox 641 1732 831 1795; x_wconf 78' lang='lat' dir='ltr'><strong><em>novennium</em></strong></span> <span class='ocrx_word' id='word_1_66' title='bbox 858 1735 887 1796; x_wconf 89' lang='lat' dir='ltr'><strong><em>et</em></strong></span> <span class='ocrx_word' id='word_1_67' title='bbox 913 1731 996 1814; x_wconf 90' lang='lat' dir='ltr'><strong><em>qnod</em></strong></span> <span class='ocrx_word' id='word_1_68' title='bbox 1015 1734 1155 1812; x_wconf 85' lang='lat' dir='ltr'><strong><em>superest</em></strong></span> <span class='ocrx_word' id='word_1_69' title='bbox 1175 1752 1302 1813; x_wconf 86' lang='lat' dir='ltr'><strong><em>operam</em></strong></span> 
     </span>
     <span class='ocr_line' id='line_1_12' title="bbox 166 1833 1301 1916; baseline 0.002 -16"><span class='ocrx_word' id='word_1_70' title='bbox 166 1835 246 1900; x_wconf 90' lang='lat' dir='ltr'><strong><em>dare</em></strong></span> <span class='ocrx_word' id='word_1_71' title='bbox 274 1853 339 1898; x_wconf 90' lang='lat' dir='ltr'><strong><em>non</em></strong></span> <span class='ocrx_word' id='word_1_72' title='bbox 363 1834 455 1913; x_wconf 87' lang='lat' dir='ltr'><strong><em>desii,</em></strong></span> <span class='ocrx_word' id='word_1_73' title='bbox 487 1833 652 1899; x_wconf 86' lang='lat' dir='ltr'><strong><em>editionem</em></strong></span> <span class='ocrx_word' id='word_1_74' title='bbox 672 1834 797 1899; x_wconf 88' lang='lat' dir='ltr'><strong><em>tandem</em></strong></span> <span class='ocrx_word' id='word_1_75' title='bbox 823 1835 867 1899; x_wconf 92' lang='lat' dir='ltr'><strong><em>ad</em></strong></span> <span class='ocrx_word' id='word_1_76' title='bbox 892 1837 988 1916; x_wconf 71' lang='lat' dir='ltr'><strong><em>finem</em></strong></span> <span class='ocrx_word' id='word_1_77' title='bbox 1004 1834 1177 1916; x_wconf 78' lang='lat' dir='ltr'><strong><em>perducere</em></strong></span> <span class='ocrx_word' id='word_1_78' title='bbox 1202 1835 1301 1902; x_wconf 85' lang='lat' dir='ltr'><strong><em>licuit.</em></strong></span> 
     </span>
     <span class='ocr_line' id='line_1_13' title="bbox 171 1936 1302 2022; baseline 0.001 -19"><span class='ocrx_word' id='word_1_79' title='bbox 171 1941 242 2022; x_wconf 74' lang='lat' dir='ltr'><strong><em>Qua</em></strong></span> <span class='ocrx_word' id='word_1_80' title='bbox 264 1939 295 2003; x_wconf 88' lang='lat' dir='ltr'><strong><em>si</em></strong></span> <span class='ocrx_word' id='word_1_81' title='bbox 315 1938 393 2020; x_wconf 92' lang='lat' dir='ltr'><strong><em>quid</em></strong></span> <span class='ocrx_word' id='word_1_82' title='bbox 412 1938 464 2002; x_wconf 88' lang='lat' dir='ltr'><strong><em>illi</em></strong></span> <span class='ocrx_word' id='word_1_83' title='bbox 479 1936 603 2022; x_wconf 82' lang='lat' dir='ltr'><strong><em>profui,</em></strong></span> <span class='ocrx_word' id='word_1_84' title='bbox 624 1937 660 2002; x_wconf 92' lang='lat' dir='ltr'><strong><em>id</em></strong></span> <span class='ocrx_word' id='word_1_85' title='bbox 680 1958 717 2002; x_wconf 88' lang='lat' dir='ltr'><strong><em>ca</em></strong></span> <span class='ocrx_word' id='word_1_86' title='bbox 738 1958 773 2003; x_wconf 91' lang='lat' dir='ltr'><strong><em>re</em></strong></span> <span class='ocrx_word' id='word_1_87' title='bbox 793 1938 913 2019; x_wconf 86' lang='lat' dir='ltr'><strong><em>factum</em></strong></span> <span class='ocrx_word' id='word_1_88' title='bbox 922 1940 1080 2021; x_wconf 74' lang='lat' dir='ltr'><strong><em>profiteor,</em></strong></span> <span class='ocrx_word' id='word_1_89' title='bbox 1103 1939 1186 2021; x_wconf 91' lang='lat' dir='ltr'><strong><em>quod</em></strong></span> <span class='ocrx_word' id='word_1_90' title='bbox 1198 1937 1302 2004; x_wconf 87' lang='lat' dir='ltr'><strong><em>Laeb-</em></strong></span> 
     </span>
     <span class='ocr_line' id='line_1_14' title="bbox 168 2029 1303 2125; baseline 0 -19"><span class='ocrx_word' id='word_1_91' title='bbox 168 2029 284 2107; x_wconf 91' lang='lat' dir='ltr'><strong><em>manni</em></strong></span> <span class='ocrx_word' id='word_1_92' title='bbox 304 2041 463 2106; x_wconf 72' lang='lat' dir='ltr'><strong><em>obsecutus</em></strong></span> <span class='ocrx_word' id='word_1_93' title='bbox 478 2045 645 2123; x_wconf 91' lang='lat' dir='ltr'><strong><em>praecepto</em></strong></span> <span class='ocrx_word' id='word_1_94' title='bbox 671 2062 719 2106; x_wconf 94' lang='lat' dir='ltr'><strong><em>me</em></strong></span> <span class='ocrx_word' id='word_1_95' title='bbox 746 2043 818 2107; x_wconf 86' lang='lat' dir='ltr'><strong><em>totis</em></strong></span> <span class='ocrx_word' id='word_1_96' title='bbox 839 2043 961 2108; x_wconf 80' lang='lat' dir='ltr'><strong><em>uiribus</em></strong></span> <span class='ocrx_word' id='word_1_97' title='bbox 985 2042 1022 2106; x_wconf 89' lang='lat' dir='ltr'><strong><em>in</em></strong></span> <span class='ocrx_word' id='word_1_98' title='bbox 1048 2044 1115 2107; x_wconf 90' lang='lat' dir='ltr'><strong><em>eius</em></strong></span> <span class='ocrx_word' id='word_1_99' title='bbox 1141 2042 1303 2125; x_wconf 86' lang='lat' dir='ltr'><strong><em>inqeuium</em></strong></span> 
     </span>
     <span class='ocr_line' id='line_1_15' title="bbox 169 2145 515 2212; baseline -0.009 0"><span class='ocrx_word' id='word_1_100' title='bbox 169 2151 199 2212; x_wconf 88' lang='lat' dir='ltr'><strong><em>ct</em></strong></span> <span class='ocrx_word' id='word_1_101' title='bbox 219 2148 321 2210; x_wconf 88' lang='lat' dir='ltr'><strong><em>artem</em></strong></span> <span class='ocrx_word' id='word_1_102' title='bbox 341 2145 515 2210; x_wconf 87' lang='lat' dir='ltr'><strong><em>insinuari.</em></strong></span> 
     </span>
    </p>

    <p class='ocr_par' dir='ltr' id='par_1_5' title="bbox 169 2264 1307 3276">
     <span class='ocr_line' id='line_1_16' title="bbox 256 2264 1303 2351; baseline -0.001 -20"><span class='ocrx_word' id='word_1_103' title='bbox 256 2266 366 2348; x_wconf 80' lang='lat' dir='ltr'><strong><em>Neque</em></strong></span> <span class='ocrx_word' id='word_1_104' title='bbox 386 2286 457 2330; x_wconf 84' lang='lat' dir='ltr'><strong><em>cero</em></strong></span> <span class='ocrx_word' id='word_1_105' title='bbox 471 2264 650 2351; x_wconf 87' lang='lat' dir='ltr'><strong><em>defuerunt,</em></strong></span> <span class='ocrx_word' id='word_1_106' title='bbox 672 2266 729 2348; x_wconf 90' lang='lat' dir='ltr'><strong><em>qui</em></strong></span> <span class='ocrx_word' id='word_1_107' title='bbox 749 2265 787 2329; x_wconf 90' lang='lat' dir='ltr'><strong><em>de</em></strong></span> <span class='ocrx_word' id='word_1_108' title='bbox 801 2265 934 2330; x_wconf 81' lang='lat' dir='ltr'><strong><em>editione</em></strong></span> <span class='ocrx_word' id='word_1_109' title='bbox 956 2269 1048 2348; x_wconf 89' lang='lat' dir='ltr'><strong><em>atque</em></strong></span> <span class='ocrx_word' id='word_1_110' title='bbox 1062 2266 1177 2332; x_wconf 86' lang='lat' dir='ltr'><strong><em>editore</em></strong></span> <span class='ocrx_word' id='word_1_111' title='bbox 1191 2267 1303 2346; x_wconf 77' lang='lat' dir='ltr'><strong><em>optineo</em></strong></span> 
     </span>
     <span class='ocr_line' id='line_1_17' title="bbox 170 2367 1304 2452; baseline -0.003 -16"><span class='ocrx_word' id='word_1_112' title='bbox 170 2375 339 2448; x_wconf 86' lang='lat' dir='ltr'><strong><em>mererent;</em></strong></span> <span class='ocrx_word' id='word_1_113' title='bbox 369 2369 481 2451; x_wconf 90' lang='lat' dir='ltr'><strong><em>quibus</em></strong></span> <span class='ocrx_word' id='word_1_114' title='bbox 506 2389 545 2433; x_wconf 84' lang='lat' dir='ltr'><strong><em>cre</em></strong></span> <span class='ocrx_word' id='word_1_115' title='bbox 571 2370 673 2433; x_wconf 89' lang='lat' dir='ltr'><strong><em>animi</em></strong></span> <span class='ocrx_word' id='word_1_116' title='bbox 700 2369 855 2434; x_wconf 87' lang='lat' dir='ltr'><strong><em>sententia</em></strong></span> <span class='ocrx_word' id='word_1_117' title='bbox 880 2369 1003 2452; x_wconf 80' lang='lat' dir='ltr'><strong><em>pratias</em></strong></span> <span class='ocrx_word' id='word_1_118' title='bbox 1028 2389 1095 2452; x_wconf 83' lang='lat' dir='ltr'><strong><em>cqc.</em></strong></span> <span class='ocrx_word' id='word_1_119' title='bbox 1146 2367 1304 2433; x_wconf 83' lang='lat' dir='ltr'><strong><em>Eruestus</em></strong></span> 
     </span>
     <span class='ocr_line' id='line_1_18' title="bbox 170 2471 1304 2555; baseline -0.004 -17"><span class='ocrx_word' id='word_1_120' title='bbox 170 2472 353 2538; x_wconf 84' lang='lat' dir='ltr'><strong><em>Duemmlcr</em></strong></span> <span class='ocrx_word' id='word_1_121' title='bbox 380 2477 409 2537; x_wconf 90' lang='lat' dir='ltr'><strong><em>et</em></strong></span> <span class='ocrx_word' id='word_1_122' title='bbox 429 2471 607 2538; x_wconf 85' lang='lat' dir='ltr'><strong><em>Imdooieus</em></strong></span> <span class='ocrx_word' id='word_1_123' title='bbox 631 2472 754 2537; x_wconf 79' lang='lat' dir='ltr'><strong><em>Traube</em></strong></span> <span class='ocrx_word' id='word_1_124' title='bbox 770 2473 923 2555; x_wconf 80' lang='lat' dir='ltr'><strong><em>piaqulas</em></strong></span> <span class='ocrx_word' id='word_1_125' title='bbox 937 2493 1042 2555; x_wconf 93' lang='lat' dir='ltr'><strong><em>paene</em></strong></span> <span class='ocrx_word' id='word_1_126' title='bbox 1063 2490 1167 2537; x_wconf 88' lang='lat' dir='ltr'><strong><em>omnes</em></strong></span> <span class='ocrx_word' id='word_1_127' title='bbox 1188 2491 1304 2536; x_wconf 89' lang='lat' dir='ltr'><strong><em>mecum</em></strong></span> 
     </span>
     <span class='ocr_line' id='line_1_19' title="bbox 172 2574 1304 2675; baseline -0.002 -33"><span class='ocrx_word' id='word_1_128' title='bbox 172 2580 375 2642; x_wconf 74' lang='lat' dir='ltr'><strong><em>correxerunt</em></strong></span> <span class='ocrx_word' id='word_1_129' title='bbox 404 2580 434 2642; x_wconf 94' lang='lat' dir='ltr'><strong><em>et</em></strong></span> <span class='ocrx_word' id='word_1_130' title='bbox 462 2577 592 2642; x_wconf 86' lang='lat' dir='ltr'><strong><em>consilio</em></strong></span> <span class='ocrx_word' id='word_1_131' title='bbox 620 2577 700 2642; x_wconf 86' lang='lat' dir='ltr'><strong><em>mibi</em></strong></span> <span class='ocrx_word' id='word_1_132' title='bbox 727 2576 917 2675; x_wconf 79' lang='lat' dir='ltr'><strong><em>adfuerunt;</em></strong></span> <span class='ocrx_word' id='word_1_133' title='bbox 942 2576 1135 2641; x_wconf 84' lang='lat' dir='ltr'><strong><em>Franciscus</em></strong></span> <span class='ocrx_word' id='word_1_134' title='bbox 1163 2574 1241 2640; x_wconf 88' lang='lat' dir='ltr'><strong><em>Ball</em></strong></span> <span class='ocrx_word' id='word_1_135' title='bbox 1267 2575 1304 2640; x_wconf 88' lang='lat' dir='ltr'><strong><em>dc</em></strong></span> 
     </span>
     <span class='ocr_line' id='line_1_20' title="bbox 173 2648 1305 2757; baseline -0.004 -11"><span class='ocrx_word' id='word_1_136' title='bbox 173 2680 286 2746; x_wconf 88' lang='lat' dir='ltr'><strong><em>codicis</em></strong></span> <span class='ocrx_word' id='word_1_137' title='bbox 306 2678 513 2744; x_wconf 84' lang='lat' dir='ltr'><strong><em>Monacensis</em></strong></span> <span class='ocrx_word' id='word_1_138' title='bbox 534 2680 673 2757; x_wconf 87' lang='lat' dir='ltr'><strong><em>lectione,</em></strong></span> <span class='ocrx_word' id='word_1_139' title='bbox 695 2648 797 2744; x_wconf 75' lang='lat' dir='ltr'><strong><em>ulum</em></strong></span> <span class='ocrx_word' id='word_1_140' title='bbox 817 2680 855 2743; x_wconf 89' lang='lat' dir='ltr'><strong><em>de</em></strong></span> <span class='ocrx_word' id='word_1_141' title='bbox 876 2700 913 2744; x_wconf 88' lang='lat' dir='ltr'><strong><em>ea</em></strong></span> <span class='ocrx_word' id='word_1_142' title='bbox 934 2679 1127 2757; x_wconf 82' lang='lat' dir='ltr'><strong><em>dubitabam,</em></strong></span> <span class='ocrx_word' id='word_1_143' title='bbox 1150 2697 1196 2742; x_wconf 92' lang='lat' dir='ltr'><strong><em>me</em></strong></span> <span class='ocrx_word' id='word_1_144' title='bbox 1218 2677 1305 2742; x_wconf 80' lang='lat' dir='ltr'><strong><em>iude</em></strong></span> 
     </span>
     <span class='ocr_line' id='line_1_21' title="bbox 169 2779 1306 2868; baseline -0.004 -19"><span class='ocrx_word' id='word_1_145' title='bbox 169 2783 258 2868; x_wconf 77' lang='lat' dir='ltr'><strong><em>fessa</em></strong></span> <span class='ocrx_word' id='word_1_146' title='bbox 286 2803 380 2864; x_wconf 89' lang='lat' dir='ltr'><strong><em>opera</em></strong></span> <span class='ocrx_word' id='word_1_147' title='bbox 411 2783 571 2847; x_wconf 84' lang='lat' dir='ltr'><strong><em>certiorem</em></strong></span> <span class='ocrx_word' id='word_1_148' title='bbox 599 2783 689 2864; x_wconf 82' lang='lat' dir='ltr'><strong><em>fecit;</em></strong></span> <span class='ocrx_word' id='word_1_149' title='bbox 722 2781 908 2848; x_wconf 86' lang='lat' dir='ltr'><strong><em>Wilbelmus</em></strong></span> <span class='ocrx_word' id='word_1_150' title='bbox 936 2781 1047 2867; x_wconf 82' lang='lat' dir='ltr'><strong><em>Meyer</em></strong></span> <span class='ocrx_word' id='word_1_151' title='bbox 1077 2779 1282 2863; x_wconf 77' lang='lat' dir='ltr'><strong><em>Spirensis</em></strong></span> <span class='ocrx_word' id='word_1_152' title='bbox 1269 2799 1306 2845; x_wconf 81' lang='lat' dir='ltr'><strong><em>rn</em></strong></span> 
     </span>
     <span class='ocr_line' id='line_1_22' title="bbox 173 2883 1306 2970; baseline -0.001 -20"><span class='ocrx_word' id='word_1_153' title='bbox 173 2888 334 2968; x_wconf 85' lang='lat' dir='ltr'><strong><em>sequentia</em></strong></span> <span class='ocrx_word' id='word_1_154' title='bbox 360 2885 615 2970; x_wconf 79' lang='lat' dir='ltr'><strong><em>Cantabriqiensi</em></strong></span> <span class='ocrx_word' id='word_1_155' title='bbox 635 2885 754 2950; x_wconf 88' lang='lat' dir='ltr'><strong><em>edenda</em></strong></span> <span class='ocrx_word' id='word_1_156' title='bbox 781 2906 828 2950; x_wconf 89' lang='lat' dir='ltr'><strong><em>me</em></strong></span> <span class='ocrx_word' id='word_1_157' title='bbox 854 2885 971 2968; x_wconf 78' lang='lat' dir='ltr'><strong><em>eqreqie</em></strong></span> <span class='ocrx_word' id='word_1_158' title='bbox 993 2885 1132 2963; x_wconf 86' lang='lat' dir='ltr'><strong><em>adiuvit;</em></strong></span> <span class='ocrx_word' id='word_1_159' title='bbox 1162 2883 1306 2949; x_wconf 79' lang='lat' dir='ltr'><strong><em>Karalus</em></strong></span> 
     </span>
     <span class='ocr_line' id='line_1_23' title="bbox 175 2985 1306 3071; baseline -0.003 -17"><span class='ocrx_word' id='word_1_160' title='bbox 175 2987 316 3054; x_wconf 81' lang='lat' dir='ltr'><strong><em>Streclcer</em></strong></span> <span class='ocrx_word' id='word_1_161' title='bbox 334 2989 520 3069; x_wconf 89' lang='lat' dir='ltr'><strong><em>praeclaras</em></strong></span> <span class='ocrx_word' id='word_1_162' title='bbox 540 2989 661 3071; x_wconf 78' lang='lat' dir='ltr'><strong><em>aliquot</em></strong></span> <span class='ocrx_word' id='word_1_163' title='bbox 681 2987 909 3053; x_wconf 87' lang='lat' dir='ltr'><strong><em>emendationes</em></strong></span> <span class='ocrx_word' id='word_1_164' title='bbox 934 2991 963 3052; x_wconf 90' lang='lat' dir='ltr'><strong><em>et</em></strong></span> <span class='ocrx_word' id='word_1_165' title='bbox 989 2987 1200 3052; x_wconf 88' lang='lat' dir='ltr'><strong><em>imitationum</em></strong></span> <span class='ocrx_word' id='word_1_166' title='bbox 1221 2985 1306 3051; x_wconf 91' lang='lat' dir='ltr'><strong><em>Pru-</em></strong></span> 
     </span>
     <span class='ocr_line' id='line_1_24' title="bbox 174 3088 1307 3177; baseline -0.003 -20"><span class='ocrx_word' id='word_1_167' title='bbox 174 3092 397 3157; x_wconf 84' lang='lat' dir='ltr'><strong><em>dentianarum</em></strong></span> <span class='ocrx_word' id='word_1_168' title='bbox 423 3093 669 3177; x_wconf 89' lang='lat' dir='ltr'><strong><em>supplementum</em></strong></span> <span class='ocrx_word' id='word_1_169' title='bbox 696 3092 888 3157; x_wconf 84' lang='lat' dir='ltr'><strong><em>uberrimum</em></strong></span> <span class='ocrx_word' id='word_1_170' title='bbox 913 3088 1029 3158; x_wconf 90' lang='lat' dir='ltr'><strong><em>mecum</em></strong></span> <span class='ocrx_word' id='word_1_171' title='bbox 1055 3090 1307 3169; x_wconf 86' lang='lat' dir='ltr'><strong><em>communicavit;</em></strong></span> 
     </span>
     <span class='ocr_line' id='line_1_25' title="bbox 175 3193 1306 3276; baseline -0.004 -15"><span class='ocrx_word' id='word_1_172' title='bbox 175 3195 412 3262; x_wconf 74' lang='lat' dir='ltr'><strong><em>EBodcmann</em></strong></span> <span class='ocrx_word' id='word_1_173' title='bbox 427 3194 689 3276; x_wconf 85' lang='lat' dir='ltr'><strong><em>Hannoveranus,</em></strong></span> <span class='ocrx_word' id='word_1_174' title='bbox 710 3195 981 3263; x_wconf 68' lang='lat' dir='ltr'><strong><em>EBraclcebnseb</em></strong></span> <span class='ocrx_word' id='word_1_175' title='bbox 999 3193 1306 3272; x_wconf 74' lang='lat' dir='ltr'><strong><em>Gandersbcmensis,</em></strong></span> 
     </span>
    </p>
   </div>
   <div class='ocr_carea' id='block_1_4' title="bbox 177 3298 1308 3488">
    <p class='ocr_par' dir='ltr' id='par_1_6' title="bbox 177 3298 1308 3488">
     <span class='ocr_line' id='line_1_26' title="bbox 177 3298 1308 3385; baseline -0.001 -20"><span class='ocrx_word' id='word_1_176' title='bbox 177 3300 215 3365; x_wconf 92' lang='lat' dir='ltr'><strong><em>P.</em></strong></span> <span class='ocrx_word' id='word_1_177' title='bbox 231 3301 410 3366; x_wconf 83' lang='lat' dir='ltr'><strong><em>Koetscbau</em></strong></span> <span class='ocrx_word' id='word_1_178' title='bbox 436 3300 653 3385; x_wconf 63' lang='lat' dir='ltr'><strong><em>commences,</em></strong></span> <span class='ocrx_word' id='word_1_179' title='bbox 676 3302 706 3368; x_wconf 91' lang='lat'><strong><em>1.</em></strong></span> <span class='ocrx_word' id='word_1_180' title='bbox 721 3301 862 3367; x_wconf 84' lang='lat' dir='ltr'><strong><em>Lecbner</em></strong></span> <span class='ocrx_word' id='word_1_181' title='bbox 875 3300 1121 3366; x_wconf 87' lang='lat' dir='ltr'><strong><em>Vindobonensis</em></strong></span> <span class='ocrx_word' id='word_1_182' title='bbox 1141 3299 1179 3364; x_wconf 88' lang='lat' dir='ltr'><strong><em>de</em></strong></span> <span class='ocrx_word' id='word_1_183' title='bbox 1200 3298 1308 3364; x_wconf 81' lang='lat' dir='ltr'><strong><em>biblio·</em></strong></span> 
     </span>
     <span class='ocr_line' id='line_1_27' title="bbox 177 3403 1248 3488; baseline 0.002 -21"><span class='ocrx_word' id='word_1_184' title='bbox 177 3404 333 3470; x_wconf 86' lang='lat' dir='ltr'><strong><em>tbecurum</em></strong></span> <span class='ocrx_word' id='word_1_185' title='bbox 354 3423 486 3469; x_wconf 91' lang='lat' dir='ltr'><strong><em>suarum</em></strong></span> <span class='ocrx_word' id='word_1_186' title='bbox 507 3405 661 3471; x_wconf 83' lang='lat' dir='ltr'><strong><em>codicibus</em></strong></span> <span class='ocrx_word' id='word_1_187' title='bbox 682 3407 846 3488; x_wconf 80' lang='lat' dir='ltr'><strong><em>quaerenti</em></strong></span> <span class='ocrx_word' id='word_1_188' title='bbox 867 3405 993 3470; x_wconf 90' lang='lat' dir='ltr'><strong><em>comiter</em></strong></span> <span class='ocrx_word' id='word_1_189' title='bbox 1013 3403 1248 3486; x_wconf 88' lang='lat' dir='ltr'><strong><em>responderunt.</em></strong></span> 
     </span>
    </p>
   </div>
   <div class='ocr_carea' id='block_1_5' title="bbox 262 3555 1248 3828">
    <p class='ocr_par' dir='ltr' id='par_1_7' title="bbox 262 3555 1248 3828">
     <span class='ocr_line' id='line_1_28' title="bbox 262 3555 1248 3626; baseline 0 -2"><span class='ocrx_word' id='word_1_190' title='bbox 262 3557 389 3624; x_wconf 89' lang='lat' dir='ltr'><strong><em>Dabam</em></strong></span> <span class='ocrx_word' id='word_1_191' title='bbox 411 3558 560 3625; x_wconf 87' lang='lat' dir='ltr'><strong><em>Berolini</em></strong></span> <span class='ocrx_word' id='word_1_192' title='bbox 580 3581 611 3624; x_wconf 83' lang='lat' dir='ltr'><strong><em>a.</em></strong></span> <span class='ocrx_word' id='word_1_193' title='bbox 626 3559 657 3626; x_wconf 91' lang='lat' dir='ltr'><strong><em>d.</em></strong></span> <span class='ocrx_word' id='word_1_194' title='bbox 675 3558 712 3626; x_wconf 77' lang='lat' dir='ltr'><strong><em>V.</em></strong></span> <span class='ocrx_word' id='word_1_195' title='bbox 727 3559 895 3625; x_wconf 88' lang='lat' dir='ltr'><strong><em>Kalendas</em></strong></span> <span class='ocrx_word' id='word_1_196' title='bbox 919 3556 1061 3625; x_wconf 84' lang='lat' dir='ltr'><strong><em>Octobres</em></strong></span> <span class='ocrx_word' id='word_1_197' title='bbox 1082 3581 1113 3623; x_wconf 88' lang='lat' dir='ltr'><strong><em>a.</em></strong></span> <span class='ocrx_word' id='word_1_198' title='bbox 1128 3555 1248 3624; x_wconf 71' lang='lat' dir='ltr'><strong><em>Moci.</em></strong></span> 
     </span>
     <span class='ocr_line' id='line_1_29' title="bbox 765 3736 1203 3828; baseline -0.011 -16"><span class='ocrx_word' id='word_1_199' title='bbox 765 3740 897 3813; x_wconf 88' lang='lat' dir='ltr'><strong><em>Paulus</em></strong></span> <span class='ocrx_word' id='word_1_200' title='bbox 924 3742 966 3812; x_wconf 91' lang='lat' dir='ltr'><strong><em>de</em></strong></span> <span class='ocrx_word' id='word_1_201' title='bbox 983 3736 1203 3828; x_wconf 84' lang='lat' dir='ltr'><strong><em>Winterfeld.</em></strong></span> 
     </span>
    </p>
   </div>
   <div class='ocr_carea' id='block_1_6' title="bbox 233 4343 533 4393">
    <p class='ocr_par' dir='ltr' id='par_1_8' title="bbox 233 4343 533 4393">
     <span class='ocr_line' id='line_1_30' title="bbox 233 4343 533 4393; baseline -0.003 -1"><span class='ocrx_word' id='word_1_202' title='bbox 233 4343 420 4393; x_wconf 70' lang='lat' dir='ltr'><strong><em>Hiorsvmuz</em></strong></span> <span class='ocrx_word' id='word_1_203' title='bbox 438 4353 533 4392; x_wconf 71' lang='lat' dir='ltr'><strong><em>cesae.</em></strong></span> 
     </span>
    </p>
   </div>
   <div class='ocr_carea' id='block_1_7' title="bbox 0 0 1520 4890">
    <p class='ocr_par' dir='ltr' id='par_1_9' title="bbox 0 0 1520 4890">
     <span class='ocr_line' id='line_1_31' title="bbox 0 0 1520 4890; baseline 0 0"><span class='ocrx_word' id='word_1_204' title='bbox 0 0 1520 4890; x_wconf 95' lang='lat' dir='ltr'><strong><em> </em></strong></span> 
     </span>
    </p>
   </div>
  </div>
 </body>
</html>
