<?xml version="1.0" encoding="UTF-8"?>
<!DOCTYPE html PUBLIC "-//W3C//DTD XHTML 1.0 Transitional//EN"
    "http://www.w3.org/TR/xhtml1/DTD/xhtml1-transitional.dtd">
<html xmlns="http://www.w3.org/1999/xhtml" xml:lang="en" lang="en">
 <head>
  <title>
</title>
<meta http-equiv="Content-Type" content="text/html;charset=utf-8" />
  <meta name='ocr-system' content='tesseract 3.04.00' />
  <meta name='ocr-capabilities' content='ocr_page ocr_carea ocr_par ocr_line ocrx_word'/>
</head>
<body>
  <div class='ocr_page' id='page_1' title='image "./hrotsvithaeoper00hrotgoog/hrotsvithaeoper00hrotgoog_0208.png"; bbox 0 0 2978 4898; ppageno 0'>
   <div class='ocr_carea' id='block_1_1' title="bbox 591 334 1274 400">
    <p class='ocr_par' dir='ltr' id='par_1_1' title="bbox 591 334 1274 400">
     <span class='ocr_line' id='line_1_1' title="bbox 591 334 1274 400; baseline 0.007 -12"><span class='ocrx_word' id='word_1_1' title='bbox 591 335 617 388; x_wconf 93' lang='lat' dir='ltr'><strong>ll</strong></span> <span class='ocrx_word' id='word_1_2' title='bbox 634 335 660 390; x_wconf 81' lang='grc'><strong>5.</strong></span> <span class='ocrx_word' id='word_1_3' title='bbox 677 334 835 400; x_wconf 75' lang='lat' dir='ltr'><strong>Pafautius.</strong></span> <span class='ocrx_word' id='word_1_4' title='bbox 1222 339 1274 394; x_wconf 81' lang='grc'><strong>173</strong></span> 
     </span>
    </p>
   </div>
   <div class='ocr_carea' id='block_1_2' title="bbox 72 504 1416 1539">
    <p class='ocr_par' dir='ltr' id='par_1_2' title="bbox 72 504 1273 853">
     <span class='ocr_line' id='line_1_2' title="bbox 72 504 1273 608; baseline 0.005 -40"><span class='ocrx_word' id='word_1_5' title='bbox 72 504 123 570; x_wconf 80' lang='grc' dir='ltr'>Η</span> <span class='ocrx_word' id='word_1_6' title='bbox 234 505 341 608; x_wconf 69' lang='lat' dir='ltr'><strong>Turis.</strong></span> <span class='ocrx_word' id='word_1_7' title='bbox 394 505 459 587; x_wconf 79' lang='lat' dir='ltr'><strong>En,</strong></span> <span class='ocrx_word' id='word_1_8' title='bbox 491 513 584 592; x_wconf 88' lang='lat' dir='ltr'><strong>pater</strong></span> <span class='ocrx_word' id='word_1_9' title='bbox 614 507 757 591; x_wconf 72' lang='lat' dir='ltr'><strong>Patami,</strong></span> <span class='ocrx_word' id='word_1_10' title='bbox 786 509 879 573; x_wconf 83' lang='lat' dir='ltr'><strong>venio</strong></span> <span class='ocrx_word' id='word_1_11' title='bbox 914 506 956 571; x_wconf 91' lang='lat' dir='ltr'><strong>ad</strong></span> <span class='ocrx_word' id='word_1_12' title='bbox 984 508 1182 593; x_wconf 88' lang='lat' dir='ltr'><strong>sequendum</strong></span> <span class='ocrx_word' id='word_1_13' title='bbox 1213 511 1273 576; x_wconf 94' lang='lat' dir='ltr'><strong>tibi</strong></span> 
     </span>
     <span class='ocr_line' id='line_1_3' title="bbox 148 598 1271 760; baseline 0.004 -18"><span class='ocrx_word' id='word_1_14' title='bbox 148 598 412 744; x_wconf 39' lang='lat' dir='ltr'><strong>promppppprplpb.</strong></span> <span class='ocrx_word' id='word_1_15' title='bbox 457 676 540 751; x_wconf 85' lang='lat' dir='ltr'><strong>Quia</strong></span> <span class='ocrx_word' id='word_1_16' title='bbox 560 699 683 743; x_wconf 89' lang='lat' dir='ltr'><strong>moram</strong></span> <span class='ocrx_word' id='word_1_17' title='bbox 711 680 744 743; x_wconf 90' lang='lat' dir='ltr'><strong>in</strong></span> <span class='ocrx_word' id='word_1_18' title='bbox 765 679 924 744; x_wconf 79' lang='lat' dir='ltr'><strong>veniendo</strong></span> <span class='ocrx_word' id='word_1_19' title='bbox 951 679 1070 760; x_wconf 82' lang='lat' dir='ltr'><strong>iecisti,</strong></span> <span class='ocrx_word' id='word_1_20' title='bbox 1102 681 1271 747; x_wconf 85' lang='lat' dir='ltr'><strong>coartabar</strong></span> 
     </span>
     <span class='ocr_line' id='line_1_4' title="bbox 147 765 1269 853; baseline 0.002 -23"><span class='ocrx_word' id='word_1_21' title='bbox 147 765 241 830; x_wconf 90' lang='lat' dir='ltr'><strong>nimis</strong></span> <span class='ocrx_word' id='word_1_22' title='bbox 252 765 403 844; x_wconf 83' lang='lat' dir='ltr'><strong>verendo,</strong></span> <span class='ocrx_word' id='word_1_23' title='bbox 420 771 453 829; x_wconf 90' lang='lat' dir='ltr'><strong>te</strong></span> <span class='ocrx_word' id='word_1_24' title='bbox 467 766 584 829; x_wconf 87' lang='lat' dir='ltr'><strong>iterum</strong></span> <span class='ocrx_word' id='word_1_25' title='bbox 598 766 784 850; x_wconf 75' lang='lat' dir='ltr'><strong>implicitam</strong></span> <span class='ocrx_word' id='word_1_26' title='bbox 802 785 874 830; x_wconf 88' lang='lat' dir='ltr'><strong>esse</strong></span> <span class='ocrx_word' id='word_1_27' title='bbox 890 767 1107 831; x_wconf 85' lang='lat' dir='ltr'><strong>saecularibus</strong></span> <span class='ocrx_word' id='word_1_28' title='bbox 1121 768 1269 853; x_wconf 80' lang='lat' dir='ltr'><strong>negotiis.</strong></span> 
     </span>
    </p>

    <p class='ocr_par' dir='ltr' id='par_1_3' title="bbox 145 850 1311 1174">
     <span class='ocr_line' id='line_1_5' title="bbox 233 850 1311 937; baseline 0.006 -23"><span class='ocrx_word' id='word_1_29' title='bbox 233 850 339 916; x_wconf 71' lang='lat' dir='ltr'><strong>Tuus.</strong></span> <span class='ocrx_word' id='word_1_30' title='bbox 385 850 435 915; x_wconf 86' lang='lat' dir='ltr'><strong>Ne</strong></span> <span class='ocrx_word' id='word_1_31' title='bbox 457 850 491 915; x_wconf 90' lang='lat' dir='ltr'><strong>id</strong></span> <span class='ocrx_word' id='word_1_32' title='bbox 513 873 656 934; x_wconf 81' lang='lat' dir='ltr'><strong>vereare,</strong></span> <span class='ocrx_word' id='word_1_33' title='bbox 676 859 680 930; x_wconf 92' lang='grc' dir='ltr'>Ι</span> <span class='ocrx_word' id='word_1_34' title='bbox 701 853 775 937; x_wconf 90' lang='lat' dir='ltr'><strong>quia</strong></span> <span class='ocrx_word' id='word_1_35' title='bbox 797 853 897 916; x_wconf 91' lang='lat' dir='ltr'><strong>multo</strong></span> <span class='ocrx_word' id='word_1_36' title='bbox 920 851 1007 916; x_wconf 92' lang='lat' dir='ltr'><strong>alind</strong></span> <span class='ocrx_word' id='word_1_37' title='bbox 1028 854 1106 918; x_wconf 90' lang='lat' dir='ltr'><strong>mihi</strong></span> <span class='ocrx_word' id='word_1_38' title='bbox 1125 861 1272 919; x_wconf 82' lang='lat' dir='ltr'><strong>versatur</strong></span> <span class='ocrx_word' id='word_1_39' title='bbox 1299 869 1311 907; x_wconf 79' lang='lat'>⁵</span> 
     </span>
     <span class='ocr_line' id='line_1_6' title="bbox 146 938 1268 1026; baseline 0.004 -25"><span class='ocrx_word' id='word_1_40' title='bbox 146 938 179 1001; x_wconf 94' lang='lat' dir='ltr'><strong>in</strong></span> <span class='ocrx_word' id='word_1_41' title='bbox 199 943 326 1010; x_wconf 89' lang='lat' dir='ltr'><strong>mente;</strong></span> <span class='ocrx_word' id='word_1_42' title='bbox 346 940 352 1017; x_wconf 88' lang='grc' dir='ltr'>Ι</span> <span class='ocrx_word' id='word_1_43' title='bbox 370 958 444 1001; x_wconf 90' lang='lat' dir='ltr'><strong>nam</strong></span> <span class='ocrx_word' id='word_1_44' title='bbox 472 958 526 1001; x_wconf 93' lang='lat' dir='ltr'><strong>res</strong></span> <span class='ocrx_word' id='word_1_45' title='bbox 546 938 720 1002; x_wconf 72' lang='lat' dir='ltr'><strong>familiares</strong></span> <span class='ocrx_word' id='word_1_46' title='bbox 745 940 838 1002; x_wconf 87' lang='lat' dir='ltr'><strong>iuxta</strong></span> <span class='ocrx_word' id='word_1_47' title='bbox 858 938 943 1002; x_wconf 85' lang='lat' dir='ltr'><strong>velle</strong></span> <span class='ocrx_word' id='word_1_48' title='bbox 968 958 1076 1003; x_wconf 90' lang='lat' dir='ltr'><strong>meum</strong></span> <span class='ocrx_word' id='word_1_49' title='bbox 1098 939 1241 1026; x_wconf 75' lang='lat' dir='ltr'><strong>disposui</strong></span> <span class='ocrx_word' id='word_1_50' title='bbox 1264 940 1268 1026; x_wconf 91' lang='grc' dir='ltr'>Ι</span> 
     </span>
     <span class='ocr_line' id='line_1_7' title="bbox 145 1024 959 1174; baseline 0 -87"><span class='ocrx_word' id='word_1_51' title='bbox 145 1024 292 1173; x_wconf 63' lang='lat' dir='ltr'><strong>meispne</strong></span> <span class='ocrx_word' id='word_1_52' title='bbox 315 1024 530 1088; x_wconf 80' lang='lat' dir='ltr'><strong>amasionibus</strong></span> <span class='ocrx_word' id='word_1_53' title='bbox 550 1024 680 1174; x_wconf 83' lang='lat' dir='ltr'><strong>publice</strong></span> <span class='ocrx_word' id='word_1_54' title='bbox 703 1025 959 1103; x_wconf 74' lang='lat' dir='ltr'><strong>abrenuntiavi!</strong></span> 
     </span>
    </p>

    <p class='ocr_par' dir='ltr' id='par_1_4' title="bbox 258 1109 1416 1210">
     <span class='ocr_line' id='line_1_8' title="bbox 258 1109 1416 1210; baseline 0.006 -37"><span class='ocrx_word' id='word_1_55' title='bbox 258 1130 410 1210; x_wconf 72' lang='lat' dir='ltr'><strong>aramius.</strong></span> <span class='ocrx_word' id='word_1_56' title='bbox 449 1109 535 1210; x_wconf 76' lang='lat' dir='ltr'><strong>Quia</strong></span> <span class='ocrx_word' id='word_1_57' title='bbox 572 1112 600 1174; x_wconf 96' lang='lat' dir='ltr'><strong>is</strong></span> <span class='ocrx_word' id='word_1_58' title='bbox 614 1112 854 1186; x_wconf 83' lang='lat' dir='ltr'><strong>abrenuntiasti,</strong></span> <span class='ocrx_word' id='word_1_59' title='bbox 874 1114 879 1190; x_wconf 91' lang='grc' dir='ltr'>Ι</span> <span class='ocrx_word' id='word_1_60' title='bbox 899 1130 1038 1197; x_wconf 90' lang='lat' dir='ltr'><strong>snpemo</strong></span> <span class='ocrx_word' id='word_1_61' title='bbox 1055 1113 1190 1177; x_wconf 87' lang='lat' dir='ltr'><strong>amatori</strong></span> <span class='ocrx_word' id='word_1_62' title='bbox 1204 1112 1270 1176; x_wconf 92' lang='lat' dir='ltr'><strong>iam</strong></span> <span class='ocrx_word' id='word_1_63' title='bbox 1288 1122 1416 1195; x_wconf 74' lang='lat' dir='ltr'><strong>fot&#39;rrtr</strong></span> 
     </span>
    </p>

    <p class='ocr_par' dir='ltr' id='par_1_5' title="bbox 145 1196 1354 1452">
     <span class='ocr_line' id='line_1_9' title="bbox 145 1196 1354 1371; baseline 0.001 -26"><span class='ocrx_word' id='word_1_64' title='bbox 145 1196 573 1362; x_wconf 53' lang='lat' dir='ltr'><strong>nchpppppsTcrppppappt!</strong></span> <span class='ocrx_word' id='word_1_65' title='bbox 597 1281 674 1345; x_wconf 86' lang='lat' dir='ltr'><strong>mihi</strong></span> <span class='ocrx_word' id='word_1_66' title='bbox 696 1282 785 1346; x_wconf 82' lang='lat' dir='ltr'><strong>velut</strong></span> <span class='ocrx_word' id='word_1_67' title='bbox 806 1282 897 1347; x_wconf 93' lang='lat' dir='ltr'><strong>radio</strong></span> <span class='ocrx_word' id='word_1_68' title='bbox 919 1282 1149 1369; x_wconf 86' lang='lat' dir='ltr'><strong>praescribere,</strong></span> <span class='ocrx_word' id='word_1_69' title='bbox 1169 1283 1174 1366; x_wconf 94' lang='grc' dir='ltr'>Ι</span> <span class='ocrx_word' id='word_1_70' title='bbox 1194 1283 1271 1369; x_wconf 90' lang='lat' dir='ltr'><strong>quid</strong></span> <span class='ocrx_word' id='word_1_71' title='bbox 1290 1307 1314 1346; x_wconf 85' lang='grc' dir='ltr'><strong>ιι</strong></span> <span class='ocrx_word' id='word_1_72' title='bbox 1351 1364 1354 1371; x_wconf 27' lang='grc' dir='ltr'>Ι</span> 
     </span>
     <span class='ocr_line' id='line_1_10' title="bbox 145 1368 616 1452; baseline 0.002 -21"><span class='ocrx_word' id='word_1_73' title='bbox 145 1388 197 1432; x_wconf 93' lang='lat' dir='ltr'><strong>me</strong></span> <span class='ocrx_word' id='word_1_74' title='bbox 221 1374 371 1452; x_wconf 89' lang='lat' dir='ltr'><strong>oporteat</strong></span> <span class='ocrx_word' id='word_1_75' title='bbox 393 1368 513 1432; x_wconf 86' lang='lat' dir='ltr'><strong>factum</strong></span> <span class='ocrx_word' id='word_1_76' title='bbox 535 1369 591 1433; x_wconf 89' lang='lat' dir='ltr'><strong>ire.</strong></span> <span class='ocrx_word' id='word_1_77' title='bbox 611 1372 616 1450; x_wconf 88' lang='grc' dir='ltr'>Ι</span> 
     </span>
    </p>

    <p class='ocr_par' dir='ltr' id='par_1_6' title="bbox 230 1453 712 1539">
     <span class='ocr_line' id='line_1_11' title="bbox 230 1453 712 1539; baseline 0 -23"><span class='ocrx_word' id='word_1_78' title='bbox 230 1453 411 1519; x_wconf 76' lang='lat' dir='ltr'><strong>Pnuuomos.</strong></span> <span class='ocrx_word' id='word_1_79' title='bbox 457 1454 601 1539; x_wconf 86' lang='lat' dir='ltr'><strong>Sequere</strong></span> <span class='ocrx_word' id='word_1_80' title='bbox 624 1456 712 1530; x_wconf 80' lang='lat' dir='ltr'><strong>mal</strong></span> 
     </span>
    </p>
   </div>
   <div class='ocr_carea' id='block_1_3' title="bbox 145 1538 1271 1709">
    <p class='ocr_par' dir='ltr' id='par_1_7' title="bbox 145 1538 1271 1709">
     <span class='ocr_line' id='line_1_12' title="bbox 230 1538 1271 1709; baseline 0.002 -106"><span class='ocrx_word' id='word_1_81' title='bbox 230 1538 335 1604; x_wconf 75' lang='lat' dir='ltr'><strong>Tanis.</strong></span> <span class='ocrx_word' id='word_1_82' title='bbox 361 1539 506 1709; x_wconf 74' lang='lat' dir='ltr'><strong>¹Sequar</strong></span> <span class='ocrx_word' id='word_1_83' title='bbox 534 1542 619 1605; x_wconf 90' lang='lat' dir='ltr'><strong>enim</strong></span> <span class='ocrx_word' id='word_1_84' title='bbox 642 1539 861 1604; x_wconf 88' lang='lat' dir='ltr'><strong>ambulatione</strong></span> <span class='ocrx_word' id='word_1_85' title='bbox 868 1563 877 1616; x_wconf 92' lang='lat'>;</span> <span class='ocrx_word' id='word_1_86' title='bbox 897 1539 902 1624; x_wconf 81' lang='grc' dir='ltr'>Ι</span> <span class='ocrx_word' id='word_1_87' title='bbox 921 1561 941 1605; x_wconf 96' lang='lat' dir='ltr'><strong>o</strong></span> <span class='ocrx_word' id='word_1_88' title='bbox 968 1541 1090 1605; x_wconf 91' lang='lat' dir='ltr'><strong>utinam</strong></span> <span class='ocrx_word' id='word_1_89' title='bbox 1116 1561 1271 1627; x_wconf 87' lang='lat' dir='ltr'><strong>sequerer</strong></span> 
     </span>
     <span class='ocr_line' id='line_1_13' title="bbox 145 1627 339 1690; baseline -0.01 0"><span class='ocrx_word' id='word_1_90' title='bbox 145 1632 178 1690; x_wconf 89' lang='lat' dir='ltr'><strong>et</strong></span> <span class='ocrx_word' id='word_1_91' title='bbox 201 1627 339 1690; x_wconf 88' lang='lat' dir='ltr'><strong>actione!</strong></span> 
     </span>
    </p>
   </div>
   <div class='ocr_carea' id='block_1_4' title="bbox 72 1077 126 1205">
    <p class='ocr_par' dir='ltr' id='par_1_8' title="bbox 72 1077 126 1205">
     <span class='ocr_line' id='line_1_14' title="bbox 72 1077 126 1126; baseline -0.037 0"><span class='ocrx_word' id='word_1_92' title='bbox 72 1077 126 1126; x_wconf 76' lang='lat' dir='ltr'><strong>aar.</strong></span> 
     </span>
     <span class='ocr_line' id='line_1_15' title="bbox 101 1144 121 1205; baseline 0 0"><span class='ocrx_word' id='word_1_93' title='bbox 101 1144 121 1205; x_wconf 79' lang='lat'>2</span> 
     </span>
    </p>
   </div>
   <div class='ocr_carea' id='block_1_5' title="bbox 72 1879 1311 2054">
    <p class='ocr_par' dir='ltr' id='par_1_9' title="bbox 72 1879 1311 2054">
     <span class='ocr_line' id='line_1_16' title="bbox 72 1879 1311 2032; baseline 0.003 -88"><span class='ocrx_word' id='word_1_94' title='bbox 72 1879 77 1944; x_wconf 77' lang='lat'><strong><em>1</em></strong></span> <span class='ocrx_word' id='word_1_95' title='bbox 103 1887 113 1943; x_wconf 89' lang='grc'><strong>1</strong></span> <span class='ocrx_word' id='word_1_96' title='bbox 228 1880 407 1945; x_wconf 77' lang='lat' dir='ltr'><strong>Pannonios.</strong></span> <span class='ocrx_word' id='word_1_97' title='bbox 444 1879 529 1944; x_wconf 80' lang='lat' dir='ltr'><strong>Ecce</strong></span> <span class='ocrx_word' id='word_1_98' title='bbox 546 1880 819 2032; x_wconf 49' lang='lat' dir='ltr'><strong>ooenobinm‚p:in</strong></span> <span class='ocrx_word' id='word_1_99' title='bbox 834 1903 897 1968; x_wconf 94' lang='lat' dir='ltr'><strong>quo</strong></span> <span class='ocrx_word' id='word_1_100' title='bbox 914 1903 1075 1946; x_wconf 87' lang='lat' dir='ltr'><strong>sacrarum</strong></span> <span class='ocrx_word' id='word_1_101' title='bbox 1090 1883 1266 1971; x_wconf 65' lang='lat' dir='ltr'><strong>virginum!</strong></span> <span class='ocrx_word' id='word_1_102' title='bbox 1286 1910 1311 1948; x_wconf 78' lang='grc' dir='ltr'><strong>ιι</strong></span> 
     </span>
     <span class='ocr_line' id='line_1_17' title="bbox 144 1966 1268 2054; baseline 0.004 -24"><span class='ocrx_word' id='word_1_103' title='bbox 144 1967 253 2032; x_wconf 90' lang='lat' dir='ltr'><strong>nobile</strong></span> <span class='ocrx_word' id='word_1_104' title='bbox 284 1973 498 2030; x_wconf 78' lang='lat' dir='ltr'><strong>commoratur</strong></span> <span class='ocrx_word' id='word_1_105' title='bbox 531 1966 737 2051; x_wconf 69' lang='lat' dir='ltr'><strong>couegmmt</strong></span> <span class='ocrx_word' id='word_1_106' title='bbox 786 1989 804 2032; x_wconf 99' lang='lat' dir='ltr'><strong>o</strong></span> <span class='ocrx_word' id='word_1_107' title='bbox 833 1969 895 2033; x_wconf 86' lang='lat' dir='ltr'><strong>loci</strong></span> <span class='ocrx_word' id='word_1_108' title='bbox 926 1969 1029 2054; x_wconf 85' lang='lat' dir='ltr'><strong>gestio</strong></span> <span class='ocrx_word' id='word_1_109' title='bbox 1058 1975 1091 2033; x_wconf 89' lang='lat' dir='ltr'><strong>te</strong></span> <span class='ocrx_word' id='word_1_110' title='bbox 1121 1990 1268 2035; x_wconf 91' lang='lat' dir='ltr'><strong>mansum</strong></span> 
     </span>
    </p>
   </div>
   <div class='ocr_carea' id='block_1_6' title="bbox 142 2053 1311 2470">
    <p class='ocr_par' dir='ltr' id='par_1_10' title="bbox 143 2053 819 2138">
     <span class='ocr_line' id='line_1_18' title="bbox 143 2053 819 2138; baseline 0 -20"><span class='ocrx_word' id='word_1_111' title='bbox 143 2054 190 2118; x_wconf 91' lang='lat' dir='ltr'><strong>ire</strong></span> <span class='ocrx_word' id='word_1_112' title='bbox 210 2055 215 2136; x_wconf 91' lang='grc' dir='ltr'>Ι</span> <span class='ocrx_word' id='word_1_113' title='bbox 234 2053 382 2138; x_wconf 79' lang='lat' dir='ltr'><strong>agendae</strong></span> <span class='ocrx_word' id='word_1_114' title='bbox 405 2057 543 2138; x_wconf 87' lang='lat' dir='ltr'><strong>spatium</strong></span> <span class='ocrx_word' id='word_1_115' title='bbox 566 2054 793 2138; x_wconf 88' lang='lat' dir='ltr'><strong>poenitentiae.</strong></span> <span class='ocrx_word' id='word_1_116' title='bbox 814 2057 819 2134; x_wconf 80' lang='grc' dir='ltr'>Ι</span> 
     </span>
    </p>

    <p class='ocr_par' dir='ltr' id='par_1_11' title="bbox 229 2138 697 2204">
     <span class='ocr_line' id='line_1_19' title="bbox 229 2138 697 2204; baseline -0.004 -1"><span class='ocrx_word' id='word_1_117' title='bbox 229 2138 335 2204; x_wconf 71' lang='lat' dir='ltr'><strong>Turis.</strong></span> <span class='ocrx_word' id='word_1_118' title='bbox 379 2138 452 2203; x_wconf 86' lang='lat' dir='ltr'><strong>Non</strong></span> <span class='ocrx_word' id='word_1_119' title='bbox 474 2139 697 2204; x_wconf 89' lang='lat' dir='ltr'><strong>contraluctor.</strong></span> 
     </span>
    </p>

    <p class='ocr_par' dir='ltr' id='par_1_12' title="bbox 142 2224 1311 2470">
     <span class='ocr_line' id='line_1_20' title="bbox 230 2224 1267 2311; baseline 0 -21"><span class='ocrx_word' id='word_1_120' title='bbox 230 2226 408 2291; x_wconf 66' lang='lat' dir='ltr'><strong>Pecuarius.</strong></span> <span class='ocrx_word' id='word_1_121' title='bbox 452 2224 583 2288; x_wconf 89' lang='lat' dir='ltr'><strong>Intrabo</strong></span> <span class='ocrx_word' id='word_1_122' title='bbox 603 2231 608 2302; x_wconf 83' lang='grc'><strong>1</strong></span> <span class='ocrx_word' id='word_1_123' title='bbox 628 2233 662 2289; x_wconf 91' lang='lat' dir='ltr'><strong>et</strong></span> <span class='ocrx_word' id='word_1_124' title='bbox 677 2226 883 2308; x_wconf 85' lang='lat' dir='ltr'><strong>abbatissam,</strong></span> <span class='ocrx_word' id='word_1_125' title='bbox 907 2226 1081 2291; x_wconf 86' lang='lat' dir='ltr'><strong>ductricem</strong></span> <span class='ocrx_word' id='word_1_126' title='bbox 1097 2226 1267 2311; x_wconf 83' lang='lat' dir='ltr'><strong>virginum,</strong></span> 
     </span>
     <span class='ocr_line' id='line_1_21' title="bbox 142 2311 1311 2470; baseline 0.003 -96"><span class='ocrx_word' id='word_1_127' title='bbox 142 2331 201 2397; x_wconf 90' lang='lat' dir='ltr'><strong>pro</strong></span> <span class='ocrx_word' id='word_1_128' title='bbox 224 2312 271 2375; x_wconf 93' lang='lat' dir='ltr'><strong>tui</strong></span> <span class='ocrx_word' id='word_1_129' title='bbox 292 2312 494 2470; x_wconf 57' lang='lat' dir='ltr'><strong>susceptione</strong></span> <span class='ocrx_word' id='word_1_130' title='bbox 517 2311 662 2395; x_wconf 91' lang='lat' dir='ltr'><strong>placabo.</strong></span> <span class='ocrx_word' id='word_1_131' title='bbox 685 2319 690 2388; x_wconf 86' lang='grc' dir='ltr'>Ι</span> <span class='ocrx_word' id='word_1_132' title='bbox 1284 2337 1311 2378; x_wconf 86' lang='lat' dir='ltr'><strong>ao</strong></span> 
     </span>
    </p>
   </div>
   <div class='ocr_carea' id='block_1_7' title="bbox 98 2396 1309 2914">
    <p class='ocr_par' dir='ltr' id='par_1_13' title="bbox 98 2396 1309 2914">
     <span class='ocr_line' id='line_1_22' title="bbox 230 2396 971 2480; baseline 0.001 -20"><span class='ocrx_word' id='word_1_133' title='bbox 230 2397 336 2462; x_wconf 74' lang='lat' dir='ltr'><strong>Turis.</strong></span> <span class='ocrx_word' id='word_1_134' title='bbox 413 2397 467 2461; x_wconf 94' lang='lat' dir='ltr'><strong>uid</strong></span> <span class='ocrx_word' id='word_1_135' title='bbox 489 2396 580 2461; x_wconf 92' lang='lat' dir='ltr'><strong>iubes</strong></span> <span class='ocrx_word' id='word_1_136' title='bbox 602 2419 655 2461; x_wconf 90' lang='lat' dir='ltr'><strong>me</strong></span> <span class='ocrx_word' id='word_1_137' title='bbox 677 2398 805 2462; x_wconf 88' lang='lat' dir='ltr'><strong>interim</strong></span> <span class='ocrx_word' id='word_1_138' title='bbox 828 2402 971 2480; x_wconf 73' lang='lat' dir='ltr'><strong>ageret!</strong></span> 
     </span>
     <span class='ocr_line' id='line_1_23' title="bbox 229 2483 773 2569; baseline 0.004 -23"><span class='ocrx_word' id='word_1_139' title='bbox 229 2483 409 2548; x_wconf 80' lang='lat' dir='ltr'><strong>Parnurros.</strong></span> <span class='ocrx_word' id='word_1_140' title='bbox 452 2483 579 2547; x_wconf 82' lang='lat' dir='ltr'><strong>Mecum</strong></span> <span class='ocrx_word' id='word_1_141' title='bbox 601 2486 773 2569; x_wconf 79' lang='lat' dir='ltr'><strong>pergeral</strong></span> 
     </span>
     <span class='ocr_line' id='line_1_24' title="bbox 230 2569 548 2635; baseline 0.006 -2"><span class='ocrx_word' id='word_1_142' title='bbox 230 2569 336 2633; x_wconf 76' lang='lat' dir='ltr'><strong>Tanis.</strong></span> <span class='ocrx_word' id='word_1_143' title='bbox 380 2569 425 2634; x_wconf 89' lang='lat' dir='ltr'><strong>Ut</strong></span> <span class='ocrx_word' id='word_1_144' title='bbox 445 2570 548 2635; x_wconf 92' lang='lat' dir='ltr'><strong>iubes.</strong></span> 
     </span>
     <span class='ocr_line' id='line_1_25' title="bbox 98 2652 1264 2740; baseline 0 -22"><span class='ocrx_word' id='word_1_145' title='bbox 98 2659 116 2718; x_wconf 77' lang='lat'><strong>‘2</strong></span> <span class='ocrx_word' id='word_1_146' title='bbox 227 2655 408 2723; x_wconf 76' lang='lat' dir='ltr'><strong>Pannonios.</strong></span> <span class='ocrx_word' id='word_1_147' title='bbox 451 2655 548 2735; x_wconf 80' lang='lat' dir='ltr'><strong>Ecce,</strong></span> <span class='ocrx_word' id='word_1_148' title='bbox 571 2654 734 2718; x_wconf 86' lang='lat' dir='ltr'><strong>abbatissa</strong></span> <span class='ocrx_word' id='word_1_149' title='bbox 750 2655 894 2719; x_wconf 88' lang='lat' dir='ltr'><strong>occurrit.</strong></span> <span class='ocrx_word' id='word_1_150' title='bbox 915 2655 920 2736; x_wconf 84' lang='grc' dir='ltr'>Ι</span> <span class='ocrx_word' id='word_1_151' title='bbox 939 2652 1101 2736; x_wconf 82' lang='lat' dir='ltr'><strong>Admiror‚</strong></span> <span class='ocrx_word' id='word_1_152' title='bbox 1124 2655 1194 2740; x_wconf 90' lang='lat' dir='ltr'><strong>quis</strong></span> <span class='ocrx_word' id='word_1_153' title='bbox 1208 2654 1264 2736; x_wconf 91' lang='lat' dir='ltr'><strong>illi,</strong></span> 
     </span>
     <span class='ocr_line' id='line_1_26' title="bbox 143 2740 1309 2823; baseline -0.002 -19"><span class='ocrx_word' id='word_1_154' title='bbox 143 2761 202 2805; x_wconf 88' lang='lat' dir='ltr'><strong>nos</strong></span> <span class='ocrx_word' id='word_1_155' title='bbox 224 2740 349 2823; x_wconf 87' lang='lat' dir='ltr'><strong>adesse,</strong></span> <span class='ocrx_word' id='word_1_156' title='bbox 371 2749 437 2806; x_wconf 86' lang='lat' dir='ltr'><strong>tam</strong></span> <span class='ocrx_word' id='word_1_157' title='bbox 461 2742 523 2806; x_wconf 94' lang='lat' dir='ltr'><strong>cito</strong></span> <span class='ocrx_word' id='word_1_158' title='bbox 546 2740 726 2823; x_wconf 73' lang='lat' dir='ltr'><strong>retulerit!</strong></span> <span class='ocrx_word' id='word_1_159' title='bbox 1215 2767 1216 2770; x_wconf 40' lang='lat'>¹</span> <span class='ocrx_word' id='word_1_160' title='bbox 1282 2761 1309 2802; x_wconf 72' lang='lat' dir='ltr'><strong>aa</strong></span> 
     </span>
     <span class='ocr_line' id='line_1_27' title="bbox 229 2823 1062 2914; baseline -0.005 -23"><span class='ocrx_word' id='word_1_161' title='bbox 229 2826 337 2892; x_wconf 77' lang='lat' dir='ltr'><strong>Tanis.</strong></span> <span class='ocrx_word' id='word_1_162' title='bbox 380 2827 491 2908; x_wconf 82' lang='lat' dir='ltr'><strong>Fama,</strong></span> <span class='ocrx_word' id='word_1_163' title='bbox 512 2831 517 2911; x_wconf 89' lang='grc' dir='ltr'>Ι</span> <span class='ocrx_word' id='word_1_164' title='bbox 536 2847 620 2914; x_wconf 90' lang='lat' dir='ltr'><strong>qnae</strong></span> <span class='ocrx_word' id='word_1_165' title='bbox 642 2828 730 2891; x_wconf 91' lang='lat' dir='ltr'><strong>nulla</strong></span> <span class='ocrx_word' id='word_1_166' title='bbox 752 2824 916 2910; x_wconf 85' lang='lat' dir='ltr'><strong>stringitur</strong></span> <span class='ocrx_word' id='word_1_167' title='bbox 936 2845 1035 2888; x_wconf 89' lang='lat' dir='ltr'><strong>mora.</strong></span> <span class='ocrx_word' id='word_1_168' title='bbox 1056 2823 1062 2906; x_wconf 88' lang='grc' dir='ltr'>Ι</span> 
     </span>
    </p>
   </div>
   <div class='ocr_carea' id='block_1_8' title="bbox 72 3079 1309 3771">
    <p class='ocr_par' dir='ltr' id='par_1_14' title="bbox 72 3079 1309 3771">
     <span class='ocr_line' id='line_1_28' title="bbox 72 3079 1264 3168; baseline 0.001 -22"><span class='ocrx_word' id='word_1_169' title='bbox 72 3082 77 3146; x_wconf 79' lang='grc' dir='ltr'>ἶ</span> <span class='ocrx_word' id='word_1_170' title='bbox 104 3090 112 3146; x_wconf 94' lang='grc'><strong>1</strong></span> <span class='ocrx_word' id='word_1_171' title='bbox 227 3082 406 3148; x_wconf 74' lang='lat' dir='ltr'><strong>Passurus.</strong></span> <span class='ocrx_word' id='word_1_172' title='bbox 462 3080 627 3168; x_wconf 81' lang='lat' dir='ltr'><strong>Oportrme</strong></span> <span class='ocrx_word' id='word_1_173' title='bbox 663 3082 815 3162; x_wconf 85' lang='lat' dir='ltr'><strong>occurris,</strong></span> <span class='ocrx_word' id='word_1_174' title='bbox 851 3081 981 3145; x_wconf 87' lang='lat' dir='ltr'><strong>illustris</strong></span> <span class='ocrx_word' id='word_1_175' title='bbox 1014 3079 1193 3146; x_wconf 87' lang='lat' dir='ltr'><strong>abbatissa:</strong></span> <span class='ocrx_word' id='word_1_176' title='bbox 1231 3088 1264 3147; x_wconf 88' lang='lat' dir='ltr'><strong>tc</strong></span> 
     </span>
     <span class='ocr_line' id='line_1_29' title="bbox 138 3170 394 3254; baseline -0.004 -22"><span class='ocrx_word' id='word_1_177' title='bbox 138 3170 242 3254; x_wconf 88' lang='lat' dir='ltr'><strong>ipsam</strong></span> <span class='ocrx_word' id='word_1_178' title='bbox 265 3189 394 3253; x_wconf 90' lang='lat' dir='ltr'><strong>quaero.</strong></span> 
     </span>
     <span class='ocr_line' id='line_1_30' title="bbox 72 3251 1264 3340; baseline -0.001 -21"><span class='ocrx_word' id='word_1_179' title='bbox 72 3272 126 3321; x_wconf 79' lang='lat' dir='ltr'><strong>roe.</strong></span> <span class='ocrx_word' id='word_1_180' title='bbox 228 3275 400 3319; x_wconf 75' lang='lat' dir='ltr'><strong>aeearrssn.</strong></span> <span class='ocrx_word' id='word_1_181' title='bbox 450 3255 624 3319; x_wconf 84' lang='lat' dir='ltr'><strong>Gratanter</strong></span> <span class='ocrx_word' id='word_1_182' title='bbox 638 3254 780 3333; x_wconf 82' lang='lat' dir='ltr'><strong>advenis,</strong></span> <span class='ocrx_word' id='word_1_183' title='bbox 800 3251 982 3318; x_wconf 82' lang='lat' dir='ltr'><strong>venerande</strong></span> <span class='ocrx_word' id='word_1_184' title='bbox 997 3252 1264 3340; x_wconf 68' lang='lat' dir='ltr'><strong>paterPaluuti.1</strong></span> 
     </span>
     <span class='ocr_line' id='line_1_31' title="bbox 143 3338 1309 3421; baseline 0.003 -18"><span class='ocrx_word' id='word_1_185' title='bbox 143 3339 340 3405; x_wconf 85' lang='lat' dir='ltr'><strong>Benedictus</strong></span> <span class='ocrx_word' id='word_1_186' title='bbox 363 3342 409 3404; x_wconf 91' lang='lat' dir='ltr'><strong>tui</strong></span> <span class='ocrx_word' id='word_1_187' title='bbox 431 3341 597 3417; x_wconf 80' lang='lat' dir='ltr'><strong>adventus,</strong></span> <span class='ocrx_word' id='word_1_188' title='bbox 617 3341 735 3405; x_wconf 87' lang='lat' dir='ltr'><strong>dilecte</strong></span> <span class='ocrx_word' id='word_1_189' title='bbox 758 3338 819 3404; x_wconf 90' lang='lat' dir='ltr'><strong>dei.</strong></span> <span class='ocrx_word' id='word_1_190' title='bbox 841 3343 846 3421; x_wconf 79' lang='grc' dir='ltr'>Ι</span> <span class='ocrx_word' id='word_1_191' title='bbox 1281 3367 1309 3407; x_wconf 82' lang='lat' dir='ltr'><strong>so</strong></span> 
     </span>
     <span class='ocr_line' id='line_1_32' title="bbox 225 3422 1264 3510; baseline -0.002 -19"><span class='ocrx_word' id='word_1_192' title='bbox 225 3427 406 3491; x_wconf 74' lang='lat' dir='ltr'><strong>Passurus.</strong></span> <span class='ocrx_word' id='word_1_193' title='bbox 434 3427 673 3491; x_wconf 88' lang='lat' dir='ltr'><strong>Beatitudincm</strong></span> <span class='ocrx_word' id='word_1_194' title='bbox 688 3433 840 3491; x_wconf 88' lang='lat' dir='ltr'><strong>aeternae</strong></span> <span class='ocrx_word' id='word_1_195' title='bbox 856 3423 1087 3491; x_wconf 88' lang='lat' dir='ltr'><strong>benedictionis</strong></span> <span class='ocrx_word' id='word_1_196' title='bbox 1101 3422 1264 3510; x_wconf 75' lang='lat' dir='ltr'><strong>liniundat</strong></span> 
     </span>
     <span class='ocr_line' id='line_1_33' title="bbox 141 3512 612 3598; baseline 0.004 -23"><span class='ocrx_word' id='word_1_197' title='bbox 141 3513 199 3577; x_wconf 88' lang='lat' dir='ltr'><strong>tibi</strong></span> <span class='ocrx_word' id='word_1_198' title='bbox 221 3512 325 3598; x_wconf 84' lang='lat' dir='ltr'><strong>gratia</strong></span> <span class='ocrx_word' id='word_1_199' title='bbox 347 3514 584 3598; x_wconf 89' lang='lat' dir='ltr'><strong>omniparentis.</strong></span> <span class='ocrx_word' id='word_1_200' title='bbox 607 3516 612 3595; x_wconf 93' lang='grc' dir='ltr'>Ι</span> 
     </span>
     <span class='ocr_line' id='line_1_34' title="bbox 224 3596 1263 3682; baseline -0.003 -18"><span class='ocrx_word' id='word_1_201' title='bbox 224 3618 396 3667; x_wconf 74' lang='lat' dir='ltr'><strong>senenses.</strong></span> <span class='ocrx_word' id='word_1_202' title='bbox 453 3599 546 3663; x_wconf 92' lang='lat' dir='ltr'><strong>Unde</strong></span> <span class='ocrx_word' id='word_1_203' title='bbox 570 3600 631 3664; x_wconf 89' lang='lat' dir='ltr'><strong>hoc</strong></span> <span class='ocrx_word' id='word_1_204' title='bbox 652 3599 741 3679; x_wconf 87' lang='lat' dir='ltr'><strong>mihi,</strong></span> <span class='ocrx_word' id='word_1_205' title='bbox 768 3604 804 3662; x_wconf 88' lang='lat' dir='ltr'><strong>ut</strong></span> <span class='ocrx_word' id='word_1_206' title='bbox 826 3597 977 3661; x_wconf 87' lang='lat' dir='ltr'><strong>sanctitas</strong></span> <span class='ocrx_word' id='word_1_207' title='bbox 1000 3602 1055 3662; x_wconf 89' lang='lat' dir='ltr'><strong>tua</strong></span> <span class='ocrx_word' id='word_1_208' title='bbox 1077 3596 1263 3682; x_wconf 82' lang='lat' dir='ltr'><strong>dignaretur</strong></span> 
     </span>
     <span class='ocr_line' id='line_1_35' title="bbox 139 3684 922 3771; baseline 0.001 -25"><span class='ocrx_word' id='word_1_209' title='bbox 139 3684 274 3750; x_wconf 84' lang='lat' dir='ltr'><strong>invisere</strong></span> <span class='ocrx_word' id='word_1_210' title='bbox 294 3686 300 3770; x_wconf 89' lang='grc' dir='ltr'>Ι</span> <span class='ocrx_word' id='word_1_211' title='bbox 320 3687 530 3771; x_wconf 80' lang='lat' dir='ltr'><strong>exiguitatem</strong></span> <span class='ocrx_word' id='word_1_212' title='bbox 553 3685 758 3749; x_wconf 88' lang='lat' dir='ltr'><strong>habitationis</strong></span> <span class='ocrx_word' id='word_1_213' title='bbox 780 3689 897 3748; x_wconf 83' lang='lat' dir='ltr'><strong>meae?</strong></span> <span class='ocrx_word' id='word_1_214' title='bbox 917 3687 922 3764; x_wconf 94' lang='grc' dir='ltr'>Ι</span> 
     </span>
    </p>
   </div>
   <div class='ocr_carea' id='block_1_9' title="bbox 139 3906 1260 4115">
    <p class='ocr_par' dir='ltr' id='par_1_15' title="bbox 139 3906 1260 4115">
     <span class='ocr_line' id='line_1_36' title="bbox 223 3906 1260 3962; baseline -0.001 -3"><span class='ocrx_word' id='word_1_215' title='bbox 223 3909 239 3959; x_wconf 84' lang='lat'>5</span> <span class='ocrx_word' id='word_1_216' title='bbox 256 3921 357 3962; x_wconf 76' lang='lat' dir='ltr'><strong>narrare</strong></span> <span class='ocrx_word' id='word_1_217' title='bbox 374 3910 404 3960; x_wconf 85' lang='lat' dir='ltr'><em>M</em></span> <span class='ocrx_word' id='word_1_218' title='bbox 459 3919 576 3961; x_wconf 88' lang='lat' dir='ltr'><strong>uersatur</strong></span> <span class='ocrx_word' id='word_1_219' title='bbox 594 3909 625 3959; x_wconf 88' lang='grc' dir='ltr'><em>Μ</em></span> <span class='ocrx_word' id='word_1_220' title='bbox 710 3908 740 3961; x_wconf 90' lang='grc'><strong>11</strong></span> <span class='ocrx_word' id='word_1_221' title='bbox 761 3911 890 3961; x_wconf 84' lang='lat' dir='ltr'><strong>facturum</strong></span> <span class='ocrx_word' id='word_1_222' title='bbox 907 3910 943 3960; x_wconf 90' lang='lat' dir='ltr'><strong>ire</strong></span> <span class='ocrx_word' id='word_1_223' title='bbox 961 3908 995 3957; x_wconf 93' lang='grc' dir='ltr'><em>Μ</em></span> <span class='ocrx_word' id='word_1_224' title='bbox 1079 3906 1144 3959; x_wconf 87' lang='lat'><strong>130</strong></span> <span class='ocrx_word' id='word_1_225' title='bbox 1162 3908 1260 3958; x_wconf 86' lang='lat' dir='ltr'><strong>utinam</strong></span> 
     </span>
     <span class='ocr_line' id='line_1_37' title="bbox 139 3975 1260 4045; baseline 0 -17"><span class='ocrx_word' id='word_1_226' title='bbox 139 3993 228 4042; x_wconf 87' lang='lat' dir='ltr'><strong>sequar</strong></span> <span class='ocrx_word' id='word_1_227' title='bbox 240 3979 283 4037; x_wconf 82' lang='lat' dir='ltr'><strong>M,·</strong></span> <span class='ocrx_word' id='word_1_228' title='bbox 301 3982 336 4045; x_wconf 69' lang='lat' dir='ltr'><strong>cs.</strong></span> <span class='ocrx_word' id='word_1_229' title='bbox 355 3979 425 4029; x_wconf 78' lang='lat' dir='ltr'><strong>Gall.</strong></span> <span class='ocrx_word' id='word_1_230' title='bbox 439 3979 459 4029; x_wconf 91' lang='lat' dir='ltr'><em>I</em></span> <span class='ocrx_word' id='word_1_231' title='bbox 466 3982 483 4030; x_wconf 85' lang='lat'><em>3</em></span> <span class='ocrx_word' id='word_1_232' title='bbox 499 3980 539 4041; x_wconf 83' lang='lat'><strong>§1</strong></span> <span class='ocrx_word' id='word_1_233' title='bbox 555 3988 579 4030; x_wconf 81' lang='lat' dir='ltr'><strong>et</strong></span> <span class='ocrx_word' id='word_1_234' title='bbox 596 3979 684 4044; x_wconf 73' lang='lat' dir='ltr'><strong>Sapo</strong></span> <span class='ocrx_word' id='word_1_235' title='bbox 700 3980 758 4042; x_wconf 77' lang='lat'><strong>§16</strong></span> <span class='ocrx_word' id='word_1_236' title='bbox 827 3977 860 4030; x_wconf 81' lang='lat'><strong>15</strong></span> <span class='ocrx_word' id='word_1_237' title='bbox 877 3994 979 4029; x_wconf 88' lang='lat' dir='ltr'><strong>sacrum</strong></span> <span class='ocrx_word' id='word_1_238' title='bbox 998 3976 1028 4026; x_wconf 91' lang='grc' dir='ltr'><em>Μ</em></span> <span class='ocrx_word' id='word_1_239' title='bbox 1097 3975 1129 4026; x_wconf 87' lang='grc'><strong>19</strong></span> <span class='ocrx_word' id='word_1_240' title='bbox 1148 3977 1260 4028; x_wconf 80' lang='lat' dir='ltr'><strong>abbatia·</strong></span> 
     </span>
     <span class='ocr_line' id='line_1_38' title="bbox 140 4045 1259 4115; baseline -0.001 -19"><span class='ocrx_word' id='word_1_241' title='bbox 140 4047 228 4097; x_wconf 84' lang='lat' dir='ltr'><strong>simam</strong></span> <span class='ocrx_word' id='word_1_242' title='bbox 241 4048 293 4111; x_wconf 64' lang='grc' dir='ltr'><strong>Μ’,</strong></span> <span class='ocrx_word' id='word_1_243' title='bbox 310 4049 409 4098; x_wconf 86' lang='lat' dir='ltr'><strong>abbatis</strong></span> <span class='ocrx_word' id='word_1_244' title='bbox 428 4050 478 4098; x_wconf 88' lang='lat' dir='ltr'><strong>iam</strong></span> <span class='ocrx_word' id='word_1_245' title='bbox 485 4048 519 4112; x_wconf 63' lang='grc' dir='ltr'><strong>Ρ*</strong></span> <span class='ocrx_word' id='word_1_246' title='bbox 590 4045 622 4098; x_wconf 75' lang='lat'><strong>27</strong></span> <span class='ocrx_word' id='word_1_247' title='bbox 640 4050 791 4115; x_wconf 85' lang='lat' dir='ltr'><strong>Opportuna</strong></span> <span class='ocrx_word' id='word_1_248' title='bbox 803 4047 949 4105; x_wconf 72' lang='lat' dir='ltr'><strong>Beadioeem</strong></span> <span class='ocrx_word' id='word_1_249' title='bbox 966 4047 1011 4098; x_wconf 77' lang='lat' dir='ltr'><strong>sed</strong></span> <span class='ocrx_word' id='word_1_250' title='bbox 1028 4046 1063 4111; x_wconf 73' lang='lat' dir='ltr'><strong>cf.</strong></span> <span class='ocrx_word' id='word_1_251' title='bbox 1076 4045 1147 4097; x_wconf 72' lang='lat'><em>0011.</em></span> <span class='ocrx_word' id='word_1_252' title='bbox 1160 4045 1180 4095; x_wconf 91' lang='lat' dir='ltr'><em>I</em></span> <span class='ocrx_word' id='word_1_253' title='bbox 1190 4049 1205 4095; x_wconf 79' lang='lat'><em>7</em></span> <span class='ocrx_word' id='word_1_254' title='bbox 1220 4045 1259 4107; x_wconf 84' lang='lat'><strong>§1</strong></span> 
     </span>
    </p>
   </div>
   <div class='ocr_carea' id='block_1_10' title="bbox 141 4230 1261 4367">
    <p class='ocr_par' dir='ltr' id='par_1_16' title="bbox 141 4230 1261 4367">
     <span class='ocr_line' id='line_1_39' title="bbox 223 4230 1261 4303; baseline -0.004 -18"><span class='ocrx_word' id='word_1_255' title='bbox 223 4232 240 4285; x_wconf 82' lang='lat'><strong>5</strong></span> <span class='ocrx_word' id='word_1_256' title='bbox 261 4236 295 4300; x_wconf 76' lang='lat' dir='ltr'><strong>cs.</strong></span> <span class='ocrx_word' id='word_1_257' title='bbox 318 4230 485 4296; x_wconf 75' lang='lat' dir='ltr'><strong>Pafa7§7.</strong></span> <span class='ocrx_word' id='word_1_258' title='bbox 582 4233 616 4286; x_wconf 82' lang='lat'><strong>33</strong></span> <span class='ocrx_word' id='word_1_259' title='bbox 637 4233 671 4297; x_wconf 72' lang='lat' dir='ltr'><strong>cf.</strong></span> <span class='ocrx_word' id='word_1_260' title='bbox 694 4235 774 4303; x_wconf 72' lang='lat' dir='ltr'><strong>Passa</strong></span> <span class='ocrx_word' id='word_1_261' title='bbox 785 4238 815 4285; x_wconf 78' lang='lat'><strong>12</strong></span> <span class='ocrx_word' id='word_1_262' title='bbox 835 4235 879 4297; x_wconf 77' lang='lat'><strong>§1</strong></span> <span class='ocrx_word' id='word_1_263' title='bbox 899 4234 1053 4298; x_wconf 73' lang='lat' dir='ltr'><strong>(Lua.1‚43</strong></span> <span class='ocrx_word' id='word_1_264' title='bbox 1074 4241 1100 4284; x_wconf 85' lang='lat' dir='ltr'><strong>ct</strong></span> <span class='ocrx_word' id='word_1_265' title='bbox 1121 4232 1190 4283; x_wconf 88' lang='lat' dir='ltr'><strong>unde</strong></span> <span class='ocrx_word' id='word_1_266' title='bbox 1212 4232 1261 4281; x_wconf 88' lang='lat' dir='ltr'><strong>boo</strong></span> 
     </span>
     <span class='ocr_line' id='line_1_40' title="bbox 141 4301 704 4367; baseline 0.011 -17"><span class='ocrx_word' id='word_1_267' title='bbox 141 4301 208 4363; x_wconf 87' lang='lat' dir='ltr'><strong>mihi,</strong></span> <span class='ocrx_word' id='word_1_268' title='bbox 226 4311 256 4353; x_wconf 81' lang='lat' dir='ltr'><strong>nt</strong></span> <span class='ocrx_word' id='word_1_269' title='bbox 272 4303 359 4353; x_wconf 68' lang='lat' dir='ltr'><strong>secut</strong></span> <span class='ocrx_word' id='word_1_270' title='bbox 376 4312 457 4353; x_wconf 85' lang='lat' dir='ltr'><strong>mater</strong></span> <span class='ocrx_word' id='word_1_271' title='bbox 473 4304 568 4354; x_wconf 92' lang='lat' dir='ltr'><strong>domini</strong></span> <span class='ocrx_word' id='word_1_272' title='bbox 585 4305 617 4356; x_wconf 89' lang='lat' dir='ltr'><strong>ad</strong></span> <span class='ocrx_word' id='word_1_273' title='bbox 636 4305 704 4367; x_wconf 77' lang='lat' dir='ltr'><strong>mel)</strong></span> 
     </span>
    </p>
   </div>
   <div class='ocr_carea' id='block_1_11' title="bbox 0 0 1517 4898">
    <p class='ocr_par' dir='ltr' id='par_1_17' title="bbox 0 0 1517 4898">
     <span class='ocr_line' id='line_1_41' title="bbox 0 0 1517 4898; baseline 0 0"><span class='ocrx_word' id='word_1_274' title='bbox 0 0 1517 4898; x_wconf 95' lang='lat' dir='ltr'><strong> </strong></span> 
     </span>
    </p>
   </div>
  </div>
 </body>
</html>
