2970 4890
628 370 641 424 Ι
658 370 682 424 2.
700 370 827 425 motusic.

160 571 185 612 so
261 545 306 610 Et
327 546 446 608 virtute
468 563 543 608 mea
566 542 670 606 varios
693 541 846 628 depellite
870 543 1009 624 morbos,

266 632 402 696 Necnon
423 630 559 715 imperio
582 628 764 714 praedones
787 631 894 715 cogite
917 637 1025 696 vostro

270 718 403 797 Saevos,
428 718 593 782 obsessum
616 716 762 800 linquant
784 724 820 780 ut
841 719 982 802 pectoris
1005 723 1143 799 antrum,

266 805 335 870 Illis
358 803 565 890 praedulcem
588 809 754 867 servantes
776 806 894 868 mentis
916 825 1071 884 amorem,

267 891 419 957 Laedere
440 911 499 954 vos
522 889 603 954 odiis
626 891 680 975 qui
703 896 864 975 temptant
886 911 1015 976 semper
1037 892 1165 955 amaris.

269 979 322 1042 Ex
343 979 406 1042 hoc
428 983 576 1062 percerte
599 983 733 1061 possunt
755 998 970 1061 praenoscere
993 985 1129 1043 cunctae

268 1065 400 1147 Gentes,
424 1063 597 1149 discipulos
619 1084 677 1128 vos
701 1084 772 1127 esse
796 1066 873 1128 satis
896 1065 974 1129 mihi
997 1086 1099 1146 caros,

271 1151 306 1216 si
329 1152 431 1217 colitis
453 1157 578 1215 vestros
600 1151 687 1235 puris
710 1151 824 1215 animis
846 1152 1001 1217 inimicos.

268 1238 445 1303 Finetenus
467 1257 628 1302 memores
651 1238 811 1322 persistite
835 1239 957 1303 scilicet
979 1257 1100 1318 omnes,

271 1325 362 1397 Quae
385 1325 483 1390 vestri
506 1344 602 1388 causa
624 1345 737 1409 passus
760 1324 875 1388 luerim
899 1325 967 1388 sine
991 1325 1094 1409 culpa.

271 1412 386 1476 Nonne
409 1431 514 1475 meam
538 1412 654 1475 faciem
679 1409 841 1475 Cherubin
864 1431 929 1474 non
951 1431 1083 1476 cernere
1106 1410 1205 1493 talem

269 1499 418 1581 Possunt,
441 1498 473 1561 in
496 1518 596 1583 regno
620 1497 723 1582 qualis
746 1499 827 1562 nitet
851 1518 928 1583 ergo
952 1503 1109 1583 paterno?

269 1585 383 1651 Iudaei
406 1585 527 1670 spurcis
550 1585 634 1649 hanc
656 1583 715 1648 sed
736 1585 861 1669 petiere
884 1585 992 1648 salivis

268 1672 473 1757 Maxillisque
496 1672 577 1735 meis
599 1672 711 1756 alapas
733 1671 874 1735 tribuere
898 1671 1056 1755 malignas

270 1760 379 1845 Atque
401 1779 514 1823 manus
537 1759 635 1822 clavis
657 1758 744 1841 ligno
767 1758 868 1822 fixere
893 1759 1041 1839 cruentis,

270 1846 322 1910 Do
344 1847 421 1910 limo
444 1844 610 1931 pulchrum
634 1845 704 1928 quis
727 1845 883 1929 plasmavi
905 1847 1152 1931 protoplastum,

272 1932 352 1998 (lum
376 1932 491 2018 quibus
515 1937 548 1995 et
571 1930 679 1995 caelos
703 1931 835 1996 extendi
859 1932 997 2016 denique
1021 1934 1125 1999 celsos

270 2018 376 2101 (Nam,
399 2018 426 2082 si
448 2018 584 2103 respicio
608 2024 737 2099 terram,
760 2020 884 2103 pavitat
905 2020 1107 2098 tremefacta,

268 2105 339 2171 Nec
360 2107 420 2170 mis
442 2106 572 2169 terroris
594 2105 679 2188 potis
702 2111 751 2167 est
773 2107 837 2169 rim
859 2106 944 2170 ferre
967 2108 1136 2191 potentis);

271 2192 314 2257 Et
335 2191 577 2279 praecedentes,
600 2192 716 2255 acriter
738 2199 835 2277 caput
857 2198 954 2277 atquo
976 2200 1155 2277 moventes,
1291 2206 1401 2274 sotus

272 2280 325 2344 Me
348 2280 433 2343 male
455 2277 569 2342 Iudaei
593 2277 785 2342 deridebant
807 2279 969 2343 scelerosi.

272 2365 365 2431 Haec
389 2386 461 2431 cum
485 2363 697 2449 dampnandis
719 2373 850 2450 paterer
871 2367 1033 2452 patienter
1055 2365 1096 2430 ab
1118 2366 1191 2446 illis,

272 2453 364 2540 Ipsos
387 2452 527 2517 vindicta
548 2453 634 2516 volui
656 2473 721 2515 non
743 2452 881 2537 perdere
904 2453 998 2532 iusta,

272 2539 347 2621 Sed,
372 2540 472 2604 crucis
493 2539 527 2602 in
550 2539 637 2623 ligno
661 2546 797 2602 mortem
820 2539 920 2624 gratis
943 2537 1108 2623 patiendo,

273 2627 370 2691 Oravi
391 2632 517 2713 patrem
541 2625 729 2689 clementius
752 2627 1017 2712 omnipotentem,

275 2713 341 2777 Illis
364 2715 515 2778 continuo
539 2711 700 2776 dimittere
723 2713 855 2776 crimina
877 2718 977 2793 tanta,

277 2799 422 2865 Suadens
446 2799 598 2884 exemplo
622 2800 688 2878 tali,
712 2819 795 2884 quae
818 2806 891 2863 sunt
913 2797 1073 2878 facienda,

272 2887 316 2951 Ut
336 2907 411 2951 mea
434 2887 583 2951 caelestis
606 2885 698 2949 fieret
722 2884 868 2950 doctrina
890 2884 995 2949 fidelis

271 2974 314 3037 Et
335 2995 375 3037 ne
400 2974 470 3059 quis
492 2973 574 3037 fictis
597 2971 733 3035 auderet
756 2973 863 3037 dicere
886 2972 1007 3036 verbis:

275 3060 389 3141 »Ecca
435 3059 500 3124 uod
521 3061 591 3144 ipse
614 3059 682 3143 pati
705 3061 835 3145 respuit,
858 3079 918 3122 nos
940 3059 1024 3123 ferre
1048 3056 1148 3121 suasit

274 3147 326 3227 Et,
349 3082 436 3233 quod
458 3168 523 3210 non
546 3145 632 3227 lecit,
655 3145 821 3210 faciendos
843 3166 902 3210 nos
923 3146 993 3210 fore
1017 3144 1128 3209 dixit«

272 3233 394 3321 Sponte
416 3235 505 3318 prior
527 3234 638 3296 mortis
661 3232 744 3296 subii
767 3233 950 3296 discrimina
972 3232 1080 3311 tristis,

274 3320 342 3397 Ceu
364 3327 475 3406 pastor
497 3341 602 3392 verus,
627 3319 731 3384 cordis
753 3321 898 3384 bonitate
920 3319 1035 3398 fidelis,

276 3407 339 3472 Pro
362 3409 500 3494 propriis
523 3409 663 3472 animam
686 3418 809 3492 ponens
833 3405 946 3470 ovibus
967 3407 1022 3491 pie
1045 3423 1170 3475 caram;

271 3493 404 3559 Necnon
427 3494 587 3579 compleri
608 3494 744 3557 multum
765 3495 889 3578 pietate
911 3491 998 3556 fideli

249 3683 284 3735 35
310 3693 428 3752 percepto
454 3684 488 3733 M
571 3681 605 3734 38
631 3700 688 3734 cum
714 3685 735 3733 F
765 3683 860 3734 initiali
885 3681 918 3731 M
1002 3680 1037 3733 40
1060 3683 1185 3733 cherubin
1209 3682 1245 3732 aie
1267 3681 1301 3731 M

162 3755 195 3808 41
218 3764 279 3821 port
309 3758 421 3807 Possunt
447 3753 506 3805 dist.
533 3753 562 3802 M
647 3750 681 3803 42
712 3754 808 3820 petiere
830 3752 862 3802 M
887 3750 953 3814 (sine
974 3750 1069 3815 corr.):
1099 3768 1167 3802 corr.
1191 3751 1297 3802 Bor-acb

163 3824 197 3876 48
223 3833 252 3876 ul
279 3827 343 3877 l'srre
369 3825 405 3875 cic
433 3824 467 3873 M
555 3821 585 3872 51
614 3829 712 3889 pateret
740 3822 772 3871 M
857 3819 891 3872 56
917 3838 941 3887 q:
968 3821 1001 3870 M
1090 3819 1124 3872 59
1151 3822 1240 3873 suauit
1268 3820 1300 3870 M

163 3893 198 3946 62
216 3902 346 3962 pastorum
364 3890 443 3959 (rum
457 3911 508 3958 per
526 3891 620 3956 conpr.)
638 3891 669 3942 M

250 4029 340 4097 3οε99.
353 4035 387 4100 cf.
401 4031 493 4082 Mattli.
504 4035 543 4093 10,
553 4034 577 4082 8.
647 4028 738 4096 333qq.
751 4033 785 4098 af.
799 4029 891 4080 Matllr.
901 4032 924 4089 5,
934 4032 1011 4093 4499.
1024 4035 1048 4078 et
1061 4027 1118 4079 Iol.
1130 4045 1166 4079 co.
1176 4030 1215 4090 13,
1223 4032 1296 4092 3419.

164 4098 245 4166 389.
263 4103 298 4168 cs.
315 4100 393 4153 Paul.
411 4102 448 4152 od
467 4100 526 4151 Gor.
539 4099 558 4149 I
567 4104 604 4160 11,
614 4102 654 4149 24.
743 4098 821 4164 4οε9.
841 4101 876 4166 os.
894 4099 1078 4163 apocat.1,16.
1165 4095 1244 4163 419.
1262 4098 1297 4164 cs·

167 4169 259 4221 Mattls.
276 4173 315 4234 26,
334 4174 367 4221 67
389 4169 496 4238 (petiere
520 4186 551 4219 aa
573 4168 655 4220 Prud
680 4170 766 4235 apolli.
784 4166 852 4234 527).
956 4165 990 4218 44
1011 4168 1046 4233 cs.
1070 4165 1126 4217 Iole.
1148 4184 1183 4218 ev.
1200 4171 1240 4226 20,
1256 4170 1296 4217 25.

167 4236 246 4304 4bsq.
265 4240 300 4305 es.
318 4239 374 4291 Iob.
392 4243 488 4300 eo.1‚3
505 4237 572 4304 (qens.
585 4241 634 4299 a?
650 4247 674 4290 et
686 4240 783 4304 psalm.
796 4243 850 4300 101,
861 4234 913 4300 26).
983 4233 1015 4286 47
1035 4236 1069 4302 cf.
1086 4238 1181 4300 psalm.
1195 4239 1250 4298 103,
1257 4238 1297 4286 32.

166 4306 241 4374 leaq.
260 4310 294 4375 cf.
312 4308 405 4362 Maud.
420 4314 458 4371 27,
469 4312 502 4360 39
520 4316 542 4358 ct
555 4308 651 4373 psalm.
664 4311 736 4372 21‚8.
796 4304 1112 4372 54sq.os.11uc.23,34.
1174 4304 1296 4370 621991.

170 4377 225 4428 Iola
244 4395 280 4429 eo.
292 4383 376 4438 10,11.
464 4375 499 4430 63
517 4379 551 4443 cs.
570 4393 622 4429 osc.
635 4381 675 4429 12.
