2970 4890
624 320 651 373 11
668 286 694 375 a:
712 318 861 387 ommia.
1258 324 1309 379 ree

37 492 151 584 [vat]
243 491 430 644 bAnnvsnus.
477 490 512 556 Si
533 493 637 577 flagra
658 491 874 578 parvipendis,
895 495 900 576 Ι
919 494 1096 559 acrioribus
1117 497 1231 580 poenis
1254 517 1309 561 co·

172 584 243 644 arta
268 579 339 643 eris.

261 578 365 729 Sues.l
395 663 494 741 Infer,
510 663 602 746 inser,
621 663 772 749 quicquid
787 664 928 737 crudele,
949 665 954 748 Ι
974 666 1126 750 quicquid
1141 656 1309 752 excogites

172 752 304 817 loetale.
320 750 323 835 Ι
338 750 467 824 Quanto
475 750 555 899 lllus
570 751 686 830 saevis,
706 754 710 833 Ι
731 756 821 815 tanto
837 753 941 835 magis
955 753 1057 816 victus
1073 753 1286 818 confunderis.
1305 754 1309 840 Ι

108 835 150 898 22
259 836 430 903 Annianus.
543 856 621 900 aera
643 836 859 922 suspendatur
878 843 882 913 Ι
904 845 937 902 et
959 839 1086 924 ungulis
1108 840 1307 926 lacensium!
1340 861 1352 901 s

174 922 386 1010 quoadusque
413 922 530 987 evulsis
553 922 728 987 visceribus
748 925 753 1006 Ι
774 930 807 987 et
828 923 957 989 nudatis
980 924 1105 989 ossibus
1125 928 1129 1010 Ι
1151 926 1280 992 deficiet
1304 938 1308 1013 Ι

176 1016 210 1075 et
231 1009 436 1074 membratim
460 1014 580 1093 crepat.
602 1008 607 1092 Ι
1326 1038 1375 1106 ΙΙΙ
1394 1040 1456 1092 126¹

261 1094 451 1163 Auriocnus.
495 1094 675 1178 Imperialis
698 1095 795 1159 iussio
816 1100 821 1178 Ι
842 1103 875 1159 et
898 1117 1041 1181 congrua
1062 1098 1140 1161 satis
1162 1099 1252 1162 ultio.
1271 1097 1277 1183 Ι

14 1207 78 1257 paq.
96 1193 154 1242 290.
261 1180 349 1247 Snus.
405 1181 548 1264 Vulpina
579 1180 692 1247 fraude
720 1182 863 1266 loqueris
887 1185 892 1266 Ι
920 1190 953 1247 et
986 1184 1150 1269 versipelli
1180 1185 1309 1266 astutia,

175 1267 347 1350 Antioche,
370 1267 521 1331 adularis.
543 1267 547 1348 Ι
1328 1299 1355 1339 10

262 1354 453 1503 Aiurrocnus.
500 1351 655 1435 Quiesce,
686 1353 816 1428 infeli13
844 1353 1023 1419 verbositas
1051 1361 1107 1419 tua
1127 1354 1131 1440 Ι
1150 1375 1234 1421 nunc
1263 1359 1314 1421 est

176 1441 273 1505 flnien
298 1460 325 1504 a.

264 1440 352 1590 Srasl
396 1524 483 1605 Non,
506 1531 543 1588 ut
565 1544 695 1609 speras,
719 1527 873 1601 evenerit,
894 1525 899 1610 Ι
919 1525 977 1590 sed
1000 1526 1059 1591 tibi
1081 1533 1201 1614 tuoque
1223 1527 1312 1614 prin-

178 1613 241 1699 cipi
262 1633 346 1676 nunc
370 1612 468 1676 etiam
492 1610 636 1675 conlusio
660 1609 774 1674 aderit.
795 1613 801 1691 Ι

109 1703 151 1766 23
261 1697 429 1763 Annianus.
476 1696 561 1770 Quid
589 1696 692 1760 sentio
722 1717 826 1762 novae
851 1696 1048 1763 dulcedinis?
1069 1701 1074 1781 Ι
1094 1699 1171 1785 quid
1193 1699 1311 1766 odoror
1329 1722 1353 1762 is

180 1783 358 1872 stupendae
381 1784 567 1847 suavitatis?
587 1785 591 1863 Ι

264 1870 353 1934 Snus.
408 1868 603 1934 Decidentia
634 1869 736 1933 frusto
769 1868 834 1932 mei
864 1870 999 1934 lacerati
1031 1872 1173 1956 corporis
1200 1871 1205 1949 Ι
1236 1871 1315 1937 dant

176 1957 379 2042 flagrantiam
402 1955 594 2040 paradisiaci
617 1956 780 2037 aromatis,
801 1955 805 2038 Ι
826 1977 889 2041 quc
911 1956 1026 2021 nolens
1043 1958 1169 2041 cogeris
1184 1958 1290 2040 fateri,
1307 1958 1312 2044 Ι

177 2063 229 2107 me
251 2062 317 2107 non
339 2063 436 2129 posse
460 2042 624 2127 suppliciis
646 2040 742 2105 laedi.
764 2042 768 2122 Ι

263 2128 433 2193 Annianus.
477 2128 647 2208 Antioche,
671 2126 747 2212 quid
772 2127 857 2191 enim
879 2128 958 2191 mibi
982 2134 1032 2192 est
1054 2128 1262 2214 agendumtl
1331 2148 1357 2188 rc

266 2214 456 2280 Anmoouus.
501 2213 601 2278 Novis
625 2213 817 2278 cruciatibus
839 2213 1126 2297 incumbendum!

112 2305 154 2366 24
266 2301 434 2366 Annianus.
480 2299 629 2365 Aeaeum
660 2321 733 2381 vas,
762 2301 895 2386 plenum
923 2301 996 2365 oleo
1026 2307 1059 2364 et
1086 2300 1193 2386 adipe,
1214 2299 1220 2383 Ι
1239 2320 1316 2365 cera

180 2392 277 2472 atque
294 2387 376 2472 pice,
397 2385 401 2471 Ι
420 2386 549 2471 ignibus
564 2394 810 2472 superponatur,
825 2385 828 2471 Ι
844 2386 877 2449 in
893 2386 980 2470 quod
995 2387 1096 2470 ligata
1111 2387 1293 2472 proiciatur.
1308 2384 1312 2469 Ι

266 2473 456 2538 Anv1oonns.
497 2472 531 2536 Si
551 2473 583 2536 in
605 2474 654 2537 ius
665 2471 804 2537 Vulcani
819 2471 972 2550 tradetur,
988 2487 991 2557 Ι
1006 2473 1140 2537 forsitan
1156 2471 1315 2537 evadendi

180 2557 303 2623 aditum
324 2579 389 2623 non
410 2559 622 2623 nanciscetur.
643 2561 647 2639 Ι
1332 2575 1357 2616 a

268 2643 356 2709 Sans.
402 2645 495 2709 Haec
517 2646 617 2709 virtus
640 2644 767 2710 Christo
795 2666 859 2709 non
886 2652 936 2709 est
962 2643 1099 2725 insolite,
1120 2647 1125 2723 Ι
1143 2649 1181 2708 ut
1205 2645 1315 2728 ignem

182 2729 281 2795 iaciat
302 2731 485 2813 mitescere,
509 2738 634 2795 mutata
656 2738 779 2794 natura.
801 2735 805 2810 Ι

117 2811 159 2872 25
269 2816 438 2882 Annianus.
484 2815 569 2889 Quid
592 2816 704 2899 audio,
727 2817 900 2899 Antioche,
920 2819 925 2897 Ι
945 2815 1034 2880 velut
1062 2816 1201 2880 sonitum
1222 2815 1316 2880 inun-

183 2902 288 2967 dantis
311 2909 436 2988 aquae?
456 2904 463 2988 Ι

269 2990 459 3055 Arvmoonus.
505 2988 591 3069 Heu,
614 2990 688 3069 heu,
712 2987 882 3069 dominell
1335 3004 1361 3045 ao

268 3074 436 3141 Annianus.
484 3073 569 3147 Quid
591 3074 725 3158 contigit
746 3074 861 3138 nobis?

32 3196 95 3246 paq.
108 3182 163 3231 291.
269 3160 459 3226 Auvrocnus.
504 3159 670 3225 Ebulliens
694 3161 817 3241 fervor,
851 3159 1014 3224 confracto
1038 3179 1130 3241 vase,
1156 3159 1317 3225 ministros

183 3246 369 3328 combussit,
390 3250 394 3326 Ι
415 3254 449 3311 et
470 3246 527 3310 illa
550 3247 698 3311 malefica
720 3247 834 3311 illaesa
857 3246 1044 3331 comparuit.
1066 3249 1071 3326 Ι

268 3332 439 3398 Annrsnus.
483 3332 614 3415 Fateor,
639 3333 713 3397 victi
736 3354 853 3398 sumus.
873 3334 878 3417 Ι

269 3417 460 3488 Auriocuus.
505 3418 675 3500 Penitus.l
1336 3433 1360 3474 ³⁵

119 3505 161 3567 26
269 3504 440 3572 Anninrus.
486 3503 593 3590 Caput
615 3503 834 3584 abscidam!

269 3590 461 3657 Avrrocmis.
505 3590 597 3656 Alias
620 3612 684 3656 non
706 3590 928 3666 absumetur!

271 3783 305 3837 18
321 3786 493 3852 fragrantiam
512 3783 556 3833 Μ’
608 3784 654 3834 -ris
671 3784 745 3834 fateri
763 3799 804 3834 me
821 3782 850 3833 ia
866 3798 920 3833 raa.
937 3787 996 3832 nal
1013 3780 1047 3830 Μ
1112 3778 1147 3831 22
1164 3784 1253 3834 Esneu
1270 3795 1318 3832 uae

184 3853 244 3921 (eie)
260 3855 288 3905 ia
306 3872 358 3905 raa.
378 3854 410 3904 Μ
495 3850 530 3904 25
547 3853 724 3904 nansciscetur
741 3851 773 3901 Μ
802 3907 807 3916 ,
858 3849 893 3903 36
910 3851 1047 3902 abcidatur
1064 3849 1106 3899 Μι

271 4027 288 4079 6
307 4031 342 4095 cs.
363 4027 444 4078 Prae.
462 4025 541 4090 steph.
553 4027 632 4087 3,133
654 4024 725 4076 latus
748 4024 848 4090 ungula
869 4024 1015 4089 virgineum
1038 4022 1126 4088 pulsat
1146 4022 1275 4085 utrimque
1292 4026 1319 4072 et

185 4097 218 4146 sd
236 4112 296 4148 ossa
312 4105 389 4148 secat.
479 4093 493 4145 'l
514 4096 547 4160 cf.
567 4094 622 4146 Pel.
635 4096 692 4145 282.
774 4090 791 4143 8
809 4096 844 4161 es.
865 4093 935 4144 Gall.
950 4092 996 4143 16
1013 4091 1029 4153 6
1040 4095 1063 4141 6.
1145 4087 1214 4155 llcf.
1233 4086 1318 4141 Prae.

186 4166 271 4230 apert.
286 4167 374 4233 praes.
388 4167 421 4216 26
439 4180 488 4216 vae
500 4163 630 4230 versipelli
646 4163 757 4215 astutas
774 4160 852 4226 (caet.
867 4166 892 4226 9,
903 4165 936 4213 92
952 4159 1082 4227 versipelli
1094 4158 1246 4221 hortamine,
1264 4174 1287 4208 c.
1300 4157 1317 4207 l.

185 4235 300 4299 astutis).
393 4232 426 4286 15
443 4236 479 4300 cs.
496 4233 580 4285 Pmd.
599 4232 676 4299 aspa
689 4233 773 4295 2386
791 4231 876 4285 odoris
894 4231 1014 4297 qualitas,
1033 4229 1125 4280 adusta
1141 4244 1218 4293 quam
1236 4225 1319 4277 reddit

185 4305 260 4356 cutis.
328 4301 363 4358 26
381 4304 416 4371 cf.
431 4301 549 4355 Dalafl
565 4301 615 4365 §A

238 4391 427 4442 Heorsvrrnas
445 4402 536 4441 omes.
1131 4378 1164 4432 13
