<?xml version="1.0" encoding="UTF-8"?>
<!DOCTYPE html PUBLIC "-//W3C//DTD XHTML 1.0 Transitional//EN"
    "http://www.w3.org/TR/xhtml1/DTD/xhtml1-transitional.dtd">
<html xmlns="http://www.w3.org/1999/xhtml" xml:lang="en" lang="en">
 <head>
  <title>
</title>
<meta http-equiv="Content-Type" content="text/html;charset=utf-8" />
  <meta name='ocr-system' content='tesseract 3.04.00' />
  <meta name='ocr-capabilities' content='ocr_page ocr_carea ocr_par ocr_line ocrx_word'/>
</head>
<body>
  <div class='ocr_page' id='page_1' title='image "./hrotsvithaeoper00hrotgoog/hrotsvithaeoper00hrotgoog_0086.png"; bbox 0 0 2978 4898; ppageno 0'>
   <div class='ocr_carea' id='block_1_1' title="bbox 619 329 852 400">
    <p class='ocr_par' dir='ltr' id='par_1_1' title="bbox 619 329 852 400">
     <span class='ocr_line' id='line_1_1' title="bbox 619 329 852 400; baseline 0.004 -15"><span class='ocrx_word' id='word_1_1' title='bbox 619 331 632 385; x_wconf 92' lang='grc' dir='ltr'>Ι</span> <span class='ocrx_word' id='word_1_2' title='bbox 649 331 674 386; x_wconf 86' lang='grc'><strong>3.</strong></span> <span class='ocrx_word' id='word_1_3' title='bbox 694 329 852 400; x_wconf 74' lang='lat' dir='ltr'><strong>Gonqolfua.</strong></span> 
     </span>
    </p>
   </div>
   <div class='ocr_carea' id='block_1_2' title="bbox 275 502 1174 1084">
    <p class='ocr_par' dir='ltr' id='par_1_2' title="bbox 276 502 1174 674">
     <span class='ocr_line' id='line_1_2' title="bbox 276 502 1174 593; baseline 0.008 -25"><span class='ocrx_word' id='word_1_4' title='bbox 276 502 379 584; x_wconf 78' lang='lat' dir='ltr'>Haec,</span> <span class='ocrx_word' id='word_1_5' title='bbox 404 523 489 588; x_wconf 83' lang='lat' dir='ltr'>quaa</span> <span class='ocrx_word' id='word_1_6' title='bbox 513 502 668 584; x_wconf 78' lang='lat' dir='ltr'><strong>dicuntur,</strong></span> <span class='ocrx_word' id='word_1_7' title='bbox 692 511 779 568; x_wconf 76' lang='lat' dir='ltr'><strong>certe</strong></span> <span class='ocrx_word' id='word_1_8' title='bbox 802 525 867 568; x_wconf 89' lang='lat' dir='ltr'><strong>non</strong></span> <span class='ocrx_word' id='word_1_9' title='bbox 889 525 967 569; x_wconf 85' lang='lat' dir='ltr'>vara</span> <span class='ocrx_word' id='word_1_10' title='bbox 989 507 1174 593; x_wconf 79' lang='lat' dir='ltr'>probantur,</span> 
     </span>
     <span class='ocr_line' id='line_1_3' title="bbox 319 588 956 674; baseline 0.003 -21"><span class='ocrx_word' id='word_1_11' title='bbox 319 589 394 653; x_wconf 86' lang='lat' dir='ltr'><strong>Non</strong></span> <span class='ocrx_word' id='word_1_12' title='bbox 417 588 523 653; x_wconf 83' lang='lat' dir='ltr'>desint</span> <span class='ocrx_word' id='word_1_13' title='bbox 545 591 636 674; x_wconf 82' lang='lat' dir='ltr'>signa</span> <span class='ocrx_word' id='word_1_14' title='bbox 658 590 743 654; x_wconf 82' lang='lat' dir='ltr'><strong>illius</strong></span> <span class='ocrx_word' id='word_1_15' title='bbox 765 597 801 654; x_wconf 82' lang='lat' dir='ltr'><strong>ut</strong></span> <span class='ocrx_word' id='word_1_16' title='bbox 822 592 956 672; x_wconf 84' lang='lat' dir='ltr'><strong>tumulo,</strong></span> 
     </span>
    </p>

    <p class='ocr_par' dir='ltr' id='par_1_3' title="bbox 276 674 1076 848">
     <span class='ocr_line' id='line_1_4' title="bbox 276 674 1076 760; baseline 0.004 -20"><span class='ocrx_word' id='word_1_17' title='bbox 276 674 367 740; x_wconf 79' lang='lat' dir='ltr'>Haut</span> <span class='ocrx_word' id='word_1_18' title='bbox 390 676 479 751; x_wconf 77' lang='lat' dir='ltr'>alias,</span> <span class='ocrx_word' id='word_1_19' title='bbox 503 696 599 760; x_wconf 88' lang='lat' dir='ltr'>quam</span> <span class='ocrx_word' id='word_1_20' title='bbox 621 677 703 740; x_wconf 86' lang='lat' dir='ltr'><strong>mira</strong></span> <span class='ocrx_word' id='word_1_21' title='bbox 725 677 790 740; x_wconf 81' lang='lat' dir='ltr'><strong>mai</strong></span> <span class='ocrx_word' id='word_1_22' title='bbox 812 678 966 741; x_wconf 79' lang='lat' dir='ltr'>miracula</span> <span class='ocrx_word' id='word_1_23' title='bbox 990 677 1076 744; x_wconf 79' lang='lat' dir='ltr'><strong>dorsi</strong></span> 
     </span>
     <span class='ocr_line' id='line_1_5' title="bbox 318 760 1009 848; baseline 0.004 -24"><span class='ocrx_word' id='word_1_24' title='bbox 318 760 472 825; x_wconf 78' lang='lat' dir='ltr'>Proferat</span> <span class='ocrx_word' id='word_1_25' title='bbox 496 768 644 826; x_wconf 82' lang='lat' dir='ltr'>extrema</span> <span class='ocrx_word' id='word_1_26' title='bbox 667 761 807 847; x_wconf 83' lang='lat' dir='ltr'><strong>danique</strong></span> <span class='ocrx_word' id='word_1_27' title='bbox 829 764 1009 848; x_wconf 68' lang='lat' dir='ltr'><strong>particula.³</strong></span> 
     </span>
    </p>

    <p class='ocr_par' dir='ltr' id='par_1_4' title="bbox 275 846 1137 1084">
     <span class='ocr_line' id='line_1_6' title="bbox 275 846 1137 935; baseline 0.003 -23"><span class='ocrx_word' id='word_1_28' title='bbox 275 846 426 928; x_wconf 78' lang='lat' dir='ltr'>Dixerat,</span> <span class='ocrx_word' id='word_1_29' title='bbox 450 853 483 912; x_wconf 83' lang='lat' dir='ltr'><strong>et</strong></span> <span class='ocrx_word' id='word_1_30' title='bbox 505 848 640 913; x_wconf 83' lang='lat' dir='ltr'><strong>verbum</strong></span> <span class='ocrx_word' id='word_1_31' title='bbox 663 850 808 934; x_wconf 81' lang='lat' dir='ltr'><strong>sequitur</strong></span> <span class='ocrx_word' id='word_1_32' title='bbox 829 850 977 914; x_wconf 78' lang='lat' dir='ltr'><strong>mirabile</strong></span> <span class='ocrx_word' id='word_1_33' title='bbox 1001 852 1137 935; x_wconf 86' lang='lat' dir='ltr'><strong>signum,</strong></span> 
     </span>
     <span class='ocr_line' id='line_1_7' title="bbox 316 934 959 1084; baseline 0 -85"><span class='ocrx_word' id='word_1_34' title='bbox 316 934 369 999; x_wconf 88' lang='lat' dir='ltr'><strong>Illi</strong></span> <span class='ocrx_word' id='word_1_35' title='bbox 391 934 572 1084; x_wconf 63' lang='lat' dir='ltr'>gartiaulae</span> <span class='ocrx_word' id='word_1_36' title='bbox 596 935 791 999; x_wconf 79' lang='lat' dir='ltr'><strong>conveniens</strong></span> <span class='ocrx_word' id='word_1_37' title='bbox 812 937 959 1084; x_wconf 47' lang='lat' dir='ltr'><strong>profrie:</strong></span> 
     </span>
    </p>
   </div>
   <div class='ocr_carea' id='block_1_3' title="bbox 272 1019 1188 1710">
    <p class='ocr_par' dir='ltr' id='par_1_5' title="bbox 272 1019 1188 1710">
     <span class='ocr_line' id='line_1_8' title="bbox 277 1019 1148 1170; baseline 0.002 -86"><span class='ocrx_word' id='word_1_38' title='bbox 277 1019 366 1170; x_wconf 47' lang='lat' dir='ltr'><strong>Ergo</strong></span> <span class='ocrx_word' id='word_1_39' title='bbox 414 1019 482 1085; x_wconf 79' lang='lat' dir='ltr'><strong>adit</strong></span> <span class='ocrx_word' id='word_1_40' title='bbox 505 1021 645 1084; x_wconf 77' lang='lat' dir='ltr'><strong>sonitum</strong></span> <span class='ocrx_word' id='word_1_41' title='bbox 667 1022 753 1107; x_wconf 79' lang='lat' dir='ltr'><strong>turpi</strong></span> <span class='ocrx_word' id='word_1_42' title='bbox 774 1021 875 1085; x_wconf 88' lang='lat' dir='ltr'><strong>modu</strong></span> <span class='ocrx_word' id='word_1_43' title='bbox 889 1023 995 1086; x_wconf 83' lang='lat' dir='ltr'>amine</span> <span class='ocrx_word' id='word_1_44' title='bbox 1018 1021 1148 1105; x_wconf 79' lang='lat' dir='ltr'>factum,</span> 
     </span>
     <span class='ocr_line' id='line_1_9' title="bbox 345 1106 1022 1192; baseline 0.001 -22"><span class='ocrx_word' id='word_1_45' title='bbox 345 1107 445 1171; x_wconf 87' lang='lat' dir='ltr'><strong>rofari</strong></span> <span class='ocrx_word' id='word_1_46' title='bbox 466 1113 610 1170; x_wconf 83' lang='lat' dir='ltr'>nostram</span> <span class='ocrx_word' id='word_1_47' title='bbox 635 1108 731 1191; x_wconf 84' lang='lat' dir='ltr'>quala</span> <span class='ocrx_word' id='word_1_48' title='bbox 754 1106 857 1192; x_wconf 81' lang='lat' dir='ltr'><strong>pudet</strong></span> <span class='ocrx_word' id='word_1_49' title='bbox 878 1108 1022 1192; x_wconf 83' lang='lat' dir='ltr'>ligulam,</span> 
     </span>
     <span class='ocr_line' id='line_1_10' title="bbox 273 1191 1188 1278; baseline 0.001 -21"><span class='ocrx_word' id='word_1_50' title='bbox 273 1191 326 1270; x_wconf 76' lang='lat' dir='ltr'><strong>Et,</strong></span> <span class='ocrx_word' id='word_1_51' title='bbox 349 1199 423 1278; x_wconf 83' lang='lat' dir='ltr'><strong>post</strong></span> <span class='ocrx_word' id='word_1_52' title='bbox 445 1194 526 1257; x_wconf 82' lang='lat' dir='ltr'>haec</span> <span class='ocrx_word' id='word_1_53' title='bbox 548 1193 684 1257; x_wconf 78' lang='lat' dir='ltr'>verbum</span> <span class='ocrx_word' id='word_1_54' title='bbox 708 1195 834 1278; x_wconf 82' lang='lat' dir='ltr'><strong>quoties</strong></span> <span class='ocrx_word' id='word_1_55' title='bbox 857 1194 1054 1258; x_wconf 82' lang='lat' dir='ltr'>formaverat</span> <span class='ocrx_word' id='word_1_56' title='bbox 1076 1194 1188 1276; x_wconf 87' lang='lat' dir='ltr'><strong>ullum,</strong></span> 
     </span>
     <span class='ocr_line' id='line_1_11' title="bbox 317 1277 1051 1358; baseline 0 -16"><span class='ocrx_word' id='word_1_57' title='bbox 317 1277 475 1343; x_wconf 84' lang='lat' dir='ltr'><strong>Reddidit</strong></span> <span class='ocrx_word' id='word_1_58' title='bbox 497 1279 651 1343; x_wconf 79' lang='lat' dir='ltr'><strong>indultum</strong></span> <span class='ocrx_word' id='word_1_59' title='bbox 673 1280 759 1344; x_wconf 87' lang='lat' dir='ltr'>hunc</span> <span class='ocrx_word' id='word_1_60' title='bbox 780 1281 878 1344; x_wconf 80' lang='lat' dir='ltr'><strong>toties</strong></span> <span class='ocrx_word' id='word_1_61' title='bbox 902 1280 1051 1358; x_wconf 86' lang='lat' dir='ltr'><strong>sonitum,</strong></span> 
     </span>
     <span class='ocr_line' id='line_1_12' title="bbox 272 1363 1094 1451; baseline 0 -22"><span class='ocrx_word' id='word_1_62' title='bbox 272 1363 327 1447; x_wconf 85' lang='lat' dir='ltr'><strong>Ut,</strong></span> <span class='ocrx_word' id='word_1_63' title='bbox 350 1385 434 1451; x_wconf 81' lang='lat' dir='ltr'>quaa</span> <span class='ocrx_word' id='word_1_64' title='bbox 455 1367 597 1450; x_wconf 81' lang='lat' dir='ltr'>legalem</span> <span class='ocrx_word' id='word_1_65' title='bbox 619 1367 744 1451; x_wconf 82' lang='lat' dir='ltr'>respuit</span> <span class='ocrx_word' id='word_1_66' title='bbox 764 1367 904 1430; x_wconf 79' lang='lat' dir='ltr'><strong>retinere</strong></span> <span class='ocrx_word' id='word_1_67' title='bbox 927 1364 1094 1451; x_wconf 88' lang='lat' dir='ltr'><strong>pudorem,</strong></span> 
     </span>
     <span class='ocr_line' id='line_1_13' title="bbox 317 1449 953 1523; baseline 0 -8"><span class='ocrx_word' id='word_1_68' title='bbox 317 1449 366 1515; x_wconf 80' lang='lat' dir='ltr'><strong>Sit</strong></span> <span class='ocrx_word' id='word_1_69' title='bbox 388 1453 470 1516; x_wconf 80' lang='lat' dir='ltr'><strong>risus</strong></span> <span class='ocrx_word' id='word_1_70' title='bbox 492 1472 590 1516; x_wconf 82' lang='lat' dir='ltr'>causa</span> <span class='ocrx_word' id='word_1_71' title='bbox 613 1453 760 1517; x_wconf 81' lang='lat' dir='ltr'><strong>omnibus</strong></span> <span class='ocrx_word' id='word_1_72' title='bbox 783 1451 953 1523; x_wconf 81' lang='lat' dir='ltr'><strong>inmodica.</strong></span> 
     </span>
     <span class='ocr_line' id='line_1_14' title="bbox 272 1536 1108 1624; baseline 0.001 -23"><span class='ocrx_word' id='word_1_73' title='bbox 272 1536 515 1624; x_wconf 79' lang='lat' dir='ltr'><strong>Finetenusque</strong></span> <span class='ocrx_word' id='word_1_74' title='bbox 539 1558 617 1602; x_wconf 81' lang='lat' dir='ltr'>suae</span> <span class='ocrx_word' id='word_1_75' title='bbox 640 1545 749 1624; x_wconf 81' lang='lat' dir='ltr'>portet</span> <span class='ocrx_word' id='word_1_76' title='bbox 770 1559 830 1624; x_wconf 87' lang='lat' dir='ltr'><strong>per</strong></span> <span class='ocrx_word' id='word_1_77' title='bbox 852 1546 999 1623; x_wconf 85' lang='lat' dir='ltr'>tempora</span> <span class='ocrx_word' id='word_1_78' title='bbox 1022 1539 1108 1602; x_wconf 79' lang='lat' dir='ltr'><strong>vitae</strong></span> 
     </span>
     <span class='ocr_line' id='line_1_15' title="bbox 315 1623 959 1710; baseline 0 -23"><span class='ocrx_word' id='word_1_79' title='bbox 315 1623 473 1689; x_wconf 87' lang='lat' dir='ltr'><strong>Indicium</strong></span> <span class='ocrx_word' id='word_1_80' title='bbox 495 1625 618 1710; x_wconf 88' lang='lat' dir='ltr'><strong>proprii</strong></span> <span class='ocrx_word' id='word_1_81' title='bbox 640 1626 762 1690; x_wconf 79' lang='lat' dir='ltr'><strong>seilicet</strong></span> <span class='ocrx_word' id='word_1_82' title='bbox 785 1625 959 1710; x_wconf 84' lang='lat' dir='ltr'><strong>obproprii.</strong></span> 
     </span>
    </p>
   </div>
   <div class='ocr_carea' id='block_1_4' title="bbox 159 1811 1304 1952">
    <p class='ocr_par' dir='ltr' id='par_1_6' title="bbox 159 1811 1304 1952">
     <span class='ocr_line' id='line_1_16' title="bbox 250 1811 1304 1882; baseline 0.001 -16"><span class='ocrx_word' id='word_1_83' title='bbox 250 1811 301 1866; x_wconf 78' lang='lat'><strong>574</strong></span> <span class='ocrx_word' id='word_1_84' title='bbox 317 1816 419 1882; x_wconf 79' lang='lat' dir='ltr'><strong>propria</strong></span> <span class='ocrx_word' id='word_1_85' title='bbox 437 1815 542 1881; x_wconf 71' lang='lat' dir='ltr'><strong>scripti:</strong></span> <span class='ocrx_word' id='word_1_86' title='bbox 559 1817 661 1882; x_wconf 74' lang='lat' dir='ltr'><strong>propria</strong></span> <span class='ocrx_word' id='word_1_87' title='bbox 673 1813 707 1865; x_wconf 73' lang='grc' dir='ltr'><em>Μ</em></span> <span class='ocrx_word' id='word_1_88' title='bbox 720 1833 760 1882; x_wconf 78' lang='lat' dir='ltr'><strong>ay.</strong></span> <span class='ocrx_word' id='word_1_89' title='bbox 830 1812 882 1868; x_wconf 72' lang='lat'><strong>576</strong></span> <span class='ocrx_word' id='word_1_90' title='bbox 899 1815 974 1882; x_wconf 88' lang='lat' dir='ltr'><strong>pudit</strong></span> <span class='ocrx_word' id='word_1_91' title='bbox 985 1814 1019 1864; x_wconf 85' lang='grc' dir='ltr'><em>Μ</em></span> <span class='ocrx_word' id='word_1_92' title='bbox 1085 1812 1137 1868; x_wconf 76' lang='grc'><strong>579</strong></span> <span class='ocrx_word' id='word_1_93' title='bbox 1154 1824 1258 1882; x_wconf 72' lang='lat' dir='ltr'>respuat</span> <span class='ocrx_word' id='word_1_94' title='bbox 1270 1815 1304 1866; x_wconf 79' lang='grc' dir='ltr'><em>Μ</em></span> 
     </span>
     <span class='ocr_line' id='line_1_17' title="bbox 159 1880 651 1952; baseline -0.002 -16"><span class='ocrx_word' id='word_1_95' title='bbox 159 1880 216 1936; x_wconf 82' lang='grc'><strong>582</strong></span> <span class='ocrx_word' id='word_1_96' title='bbox 234 1883 360 1935; x_wconf 80' lang='lat' dir='ltr'><strong>Iudicium</strong></span> <span class='ocrx_word' id='word_1_97' title='bbox 379 1884 423 1945; x_wconf 80' lang='lat' dir='ltr'><strong>M,-</strong></span> <span class='ocrx_word' id='word_1_98' title='bbox 440 1885 475 1952; x_wconf 57' lang='grc' dir='ltr'><strong>οἱ.</strong></span> <span class='ocrx_word' id='word_1_99' title='bbox 497 1883 577 1951; x_wconf 71' lang='lat' dir='ltr'>Gany.</span> <span class='ocrx_word' id='word_1_100' title='bbox 591 1886 651 1935; x_wconf 75' lang='lat'><strong>418.</strong></span> 
     </span>
    </p>
   </div>
   <div class='ocr_carea' id='block_1_5' title="bbox 0 0 1494 4898">
    <p class='ocr_par' dir='ltr' id='par_1_7' title="bbox 0 0 1494 4898">
     <span class='ocr_line' id='line_1_18' title="bbox 0 0 1494 4898; baseline 0 3"><span class='ocrx_word' id='word_1_101' title='bbox 0 0 1494 4898; x_wconf 95' lang='lat' dir='ltr'><strong> </strong></span> 
     </span>
    </p>
   </div>
  </div>
 </body>
</html>
