2970 4890
636 303 814 358 Prooemium.
1248 316 1286 365 x1

218 492 246 527 a.
259 477 349 540 1681),
366 476 412 540 qui
431 475 508 527 Oeltis
524 477 634 527 editione
652 493 714 527 usus
731 485 780 535 est;
803 478 838 542 ef.
857 476 961 541 Koeple
973 477 1011 527 11
1019 495 1049 544 p.
1063 484 1099 532 16.
1135 480 1287 536 Primordia

211 553 277 610 post
285 544 439 664 ὲηοωᾱίαἷι
458 545 679 596 Gondesbemcnse
696 547 742 597 sub
764 544 861 596 Ottonis
873 545 909 595 ΙΙ
927 546 1034 612 imperio
1053 550 1149 614 scripta
1167 552 1289 605 riderem

231 630 267 665 c.
313 615 616 666 oeke1.41.119.

160 681 197 744 ⁸⁸)
217 612 263 745 (Oi.
286 631 431 750 catalopum
448 631 522 735 chdd
541 616 643 733 Moriar.
656 683 704 733 IV
718 679 775 743 (lat.
789 683 834 748 ΙΙ)
849 687 865 733 2
877 688 974 747 p.179,·
995 684 1117 750 Ruland,
1141 686 1287 755 Serapeum

217 768 244 802 a.
264 755 328 803 1857
351 770 377 803 n,
396 756 426 813 2,·
456 753 603 815 Asclebacls,
631 751 763 803 Rosuitba
785 753 841 803 und
864 752 969 804 lbnrad
995 752 1103 805 Oeltes²
1124 772 1154 820 p.
1175 761 1204 810 73
1217 776 1286 826 sqq„-

218 820 326 885 Kocplse
338 820 377 871 ΙΙ
385 838 414 886 p.
426 824 550 887 237sqq.,·
567 821 819 888 Homer-Bartsch,
841 822 984 873 Germania
996 822 1026 872 Χ
1031 823 1053 870 V
1062 841 1091 889 p.
1105 829 1162 876 194.

159 889 195 954 ⁸⁸)
216 889 259 939 De
283 890 469 941 correctionum
495 899 576 943 aetate
602 890 689 942 adbuc
716 909 769 941 non
796 892 941 942 constabat.-
961 891 1093 955 plurimas
1119 894 1230 961 Mapnin
1256 897 1285 948 in

217 959 346 1010 (1999999199
358 960 525 1011 correctiones
539 960 615 1011 Oeltis
627 959 737 1023 dr'teerat,
755 976 820 1024 qssae
833 960 983 1012 Bendieeno
1001 960 1052 1024 (ed.
1065 961 1285 1028 9119999999

217 1044 313 1078 manus
333 1045 385 1080 esse
408 1029 477 1080 oisae
501 1038 572 1089 sunt,·
595 1029 701 1091 deinde,
723 1037 861 1094 postquam
883 1029 993 1080 codicem
1010 1029 1285 1100 Pommersfeldensem

217 1114 272 1148 non
293 1113 325 1147 ess
344 1097 419 1149 Celtis
442 1098 563 1155 editione.
586 1098 632 1149 sed
655 1115 687 1149 cte
712 1099 768 1163 ipso
790 1099 875 1150 codiee
892 1098 1044 1150 Monacensi
1061 1100 1215 1166 descriptum
1232 1120 1284 1155 esse

217 1166 469 1246 intellexit'Boracls
491 1165 534 1233 (p.
547 1166 621 1217 LXI
625 1167 688 1233 sp),
710 1168 858 1232 ubimmque
881 1167 1052 1233 apoprapbon
1074 1186 1130 1220 cum
1152 1171 1286 1234 primitiva

218 1234 747 1371 &eilliil‘ffl‘lilimdi
761 1245 1176 1373 ‘tlt‘mtlt‘fftewt
1198 1249 1284 1373 bilei

220 1374 293 1424 cuius
310 1374 401 1425 ductus
416 1375 444 1425 in
459 1373 578 1441 Dionysii
595 1383 620 1425 et
633 1383 763 1440 cestorum
781 1374 919 1425 simulacro
932 1377 1055 1439 cepresdt
1072 1376 1185 1441 Koeplsc,
1203 1394 1283 1443 neque

219 1458 278 1493 uero
297 1444 425 1508 pauciora
442 1444 542 1509 partim
554 1444 646 1508 prima
663 1460 755 1505 manu,
773 1445 874 1508 partim
892 1444 997 1508 aequali
1019 1453 1065 1494 aut
1076 1461 1162 1509 paene
1180 1446 1285 1512 aequali

220 1520 335 1562 ennena
352 1528 404 1564 esse
421 1513 537 1576 copnooi,
562 1530 627 1578 qtsae
645 1522 769 1577 corrupta
787 1513 906 1579 lepuntm
923 1514 951 1562 in
969 1513 1120 1579 apoprapba
1137 1514 1283 1567 Pommers-

219 1580 343 1647 leidensi·
364 1599 410 1632 nec
427 1583 495 1633 deest
512 1582 591 1632 micta
609 1583 637 1633 in
654 1582 806 1648 apopraplto
824 1582 908 1644 lectio,
927 1582 971 1632 ubi
987 1583 1109 1632 nimirum
1126 1600 1157 1633 etc
1174 1592 1284 1650 utraque

221 1649 325 1701 lectione
345 1665 438 1701 nouum
454 1659 603 1717 portentum
624 1651 756 1702 coaluerit.
793 1651 893 1716 Itaque,
919 1659 947 1700 ut
970 1652 1073 1702 tandem
1096 1669 1171 1703 suum
1194 1655 1283 1720 cuique

220 1718 326 1769 liberum
350 1728 412 1771 esset
434 1719 568 1784 iudicium,
595 1721 639 1771 ubi
660 1737 691 1771 erc
713 1720 798 1771 codice
821 1721 973 1771 Monacensi
997 1721 1097 1786 aliquid
1120 1724 1285 1775 correctionis

220 1789 339 1853 antiquae
365 1797 421 1840 crat
447 1790 614 1855 afferensdum
638 1787 727 1852 (Celtis
750 1790 817 1840 enim
839 1791 1006 1841 correctiones
1032 1791 1135 1841 omnino
1162 1791 1282 1858 neglecti),

219 1857 295 1908 92999
311 1857 344 1908 de
355 1859 501 1924 apoqrapbi
518 1859 622 1910 lectione
634 1859 728 1920 rettuli,
747 1860 796 1908 nisi
813 1860 842 1909 in
858 1876 887 1910 eo
904 1860 975 1909 lectio
993 1869 1095 1925 recepta
1108 1860 1201 1911 inerat
1231 1862 1283 1913 Res

214 1941 265 1990 per
285 1943 311 1977 se
326 1944 436 1992 prorsus
459 1936 528 1979 certa
549 1936 618 1988 erae·
640 1937 726 1979 tonum
743 1929 825 1990 iuvat,
847 1929 1009 1993 quodetiam
1033 1947 1064 1980 ec
1082 1929 1284 1994 Alderspacensi

222 1994 354 2046 Gallicani
365 1997 517 2063 apoprapbo
529 1999 696 2048 correctiones
707 2013 774 2047 saec.
783 1996 846 2047 ΧΙΙ
855 1999 1007 2049 recentiores
1024 2016 1078 2050 non
1089 2015 1142 2050 csse
1154 1999 1283 2064 discimus,

219 2064 287 2129 prod
305 2081 350 2115 eas
367 2082 452 2116 omncs
470 2065 567 2117 colibet
586 2069 632 2133 (es.
651 2066 758 2116 admit
772 2066 809 2116 ad
821 2082 850 2130 p.
863 2070 919 2129 122,
930 2067 966 2124 8).

165 2129 200 2195 ⁸⁷)
219 2130 261 2195 Os.
281 2133 311 2185 θ.
324 2133 429 2199 Becker,
449 2136 560 2200 catalopi
577 2135 784 2186 bibliothecarum
804 2135 903 2200 aretque
915 2151 944 2199 p.
961 2138 1011 2186 129
1028 2153 1054 2185 n.
1069 2138 1186 2197 estem·
1199 2137 1283 2202 primi

219 2203 340 2253 carntinis
356 2203 419 2255 laec
436 2212 473 2256 est
489 2204 621 2268 inscriptio
640 2202 687 2270 (cf.
706 2221 736 2269 p.
749 2204 787 2268 6):
806 2205 912 2256 historia
929 2205 1072 2256 nativitatis
1091 2205 1281 2271 laudabilisque

219 2275 419 2324 conversationis
436 2274 550 2324 intectae
568 2274 608 2323 dei
626 2274 765 2338 genitricis.

166 2335 199 2399 ⁸⁸)
216 2339 339 2391 Similiter
362 2342 393 2393 ele
414 2342 526 2406 qtsodam
549 2342 644 2404 codiee,
672 2343 715 2406 qui
736 2342 867 2408 quondam
891 2341 1118 2404 Ratisponensium
1141 2343 1282 2406 superioris

219 2411 364 2461 monasterii
381 2412 616 2462 sanctimonialium
633 2413 684 2476 fuit
704 2411 748 2478 (cf.
769 2410 923 2476 Stiplmapr,
947 2413 1002 2462 eine
1020 2411 1071 2462 alte
1088 2409 1283 2479 Repensburper

220 2478 268 2530 Hs.
294 2479 339 2530 des
365 2497 417 2545 999.
445 2479 575 2530 Homerus
601 2480 710 2544 latinus,
732 2483 789 2545 p.3
813 2488 836 2531 et
860 2481 910 2531 tab.
921 2487 944 2532 1.
965 2480 1005 2544 2),
1030 2480 1154 2531 iudicavit
1181 2480 1282 2532 Traube

219 2546 301 2612 (Βηί.
320 2547 414 2613 pbilol.
435 2549 638 2616 Wocbenscbrist
660 2567 683 2599 a.
704 2553 774 2600 1895
797 2549 844 2600 col.
857 2549 932 2613 879).·
958 2547 996 2599 ‘in
1018 2549 1065 2600 der
1088 2558 1280 2614 temperament-

219 2616 300 2667 uollen
317 2617 572 2684 Unrepelmltssiqleeit
587 2619 659 2669 ihrer
671 2617 739 2683 Zs's'pe
754 2619 848 2684 919929
864 2618 906 2669 icls
924 2618 964 2669 die
977 2618 1063 2669 Fedcr
1080 2620 1151 2669 einer
1163 2618 1281 2671 Kloster-

218 2686 281 2751 frou
292 2686 420 2738 erlsennen
437 2704 469 2738 eu
480 2684 592 2754 dts'rfen’.
620 2687 735 2749 Accedit,
752 2687 821 2752 quod
832 2687 886 2738 Pel.
904 2705 927 2739 o.
941 2691 993 2737 244
1001 2704 1037 2753 99.
1056 2704 1109 2738 non
1127 2689 1199 2739 decet
1211 2705 1281 2755 ergo,

219 2754 300 2805 virum
313 2757 408 2806 Christi
426 2758 579 2823 baptismate
597 2758 678 2808 lotum
697 2759 782 2808 sobria
793 2757 928 2808 barbarico
940 2758 1075 2823 complexu
1087 2758 1196 2808 subdere
1214 2759 1281 2809 eolla

219 2822 314 2875 litterae
337 2826 473 2891 complexu
494 2842 517 2876 s·
540 2827 619 2876 minio
641 2826 750 2891 scriptae
776 2835 834 2876 nent
856 2826 885 2875 in
912 2827 994 2889 spatio
1021 2826 1121 2889 relicto,
1148 2844 1201 2877 non
1227 2844 1277 2892 quo

219 2893 347 2960 arebetypi
363 2895 449 2959 apices
466 2895 513 2946 299
530 2895 585 2946 loco
602 2895 734 2961 illepibiles
751 2896 865 2961 fuerint,
882 2895 927 2945 sed
944 2894 1013 2959 quod
1029 2896 1150 2945 monialis
1169 2896 1281 2946 libraria

216 2962 317 3026 pudere
331 2965 486 3029 praepedita
503 2981 595 3014 nomen
613 2965 746 3015 obscenum
763 2981 843 3014 manu
860 2980 970 3015 aurare
982 2973 1153 3015 recusauerat.
1180 2965 1215 3015 Es
1231 2965 1281 3016 illa

220 3031 317 3095 quidem
339 3032 368 3082 in
390 3033 438 3083 299
453 3050 545 3099 penore
562 3034 696 3084 uerborum
713 3034 818 3085 vitando
844 3032 920 3084 etiam
937 3034 1019 3098 mepte
1036 3034 1118 3083 arecia
1134 3033 1187 3098 suit
1203 3051 1282 3099 quam

219 3098 275 3164 ipso
287 3103 402 3165 poetria;
420 3117 576 3167 qreamquam
593 3119 626 3153 ea
642 3119 738 3168 quoque
745 3104 915 3168 praetenturis
932 3103 1012 3152 uerbis
1031 3102 1095 3152 odeo
1108 3102 1236 3167 abstinuit,
1252 3113 1281 3154 ut

218 3171 256 3220 uel
277 3171 344 3236 Apu.
365 3188 387 3221 u.
401 3174 449 3221 212
473 3172 600 3237 colloquio
623 3173 753 3235 scriberet,
780 3172 849 3236 quod
875 3188 967 3222 nomen
990 3180 1018 3220 ut
1040 3171 1105 3222 alibi
1130 3179 1219 3236 aptum
1245 3181 1281 3224 est

218 3235 353 3303 (Aor.s§
380 3240 401 3305 i,
426 3240 463 3290 ita
481 3241 526 3292 illo
545 3242 600 3291 loco
619 3242 722 3292 onsnino
738 3242 851 3306 positum
869 3258 922 3290 non
939 3248 1014 3302 esset,
1039 3241 1091 3290 nisi
1110 3240 1280 3305 eupbemismo

219 3305 332 3359 Hrotsoit
348 3309 491 3361 incurset.
521 3306 610 3375 Neque
628 3310 659 3361 de
677 3311 755 3361 simili
766 3310 935 3374 explicatione
946 3310 1002 3360 Pel.
1014 3326 1035 3360 o.
1048 3314 1100 3361 207
1108 3310 1280 3362 dubitandum

218 3385 260 3438 ea,
275 3394 442 3444 quampiam,
469 3396 535 3444 quae
551 3379 588 3429 ibi
605 3381 690 3445 apitur
709 3379 917 3432 Sarracenorum
934 3379 1062 3441 sodomia,
1080 3396 1112 3430 ea
1130 3379 1281 3445 quidemst,

218 3443 332 3498 Hrotscit
352 3448 485 3500 nescivisse
507 3448 615 3499 vidum
660 3449 710 3499 Ubi
732 3450 801 3513 quod
817 3448 955 3500 Prudentii
976 3458 1093 3498 sanctam
1114 3448 1280 3500 elocutionem

217 3515 252 3565 od
262 3516 366 3582 flaqitia
377 3517 553 3584 ciprdfwanda
565 3518 677 3580 detorsit,
689 3520 723 3584 cs.
736 3535 756 3568 e.
765 3536 790 3584 9.
804 3518 868 3568 Aer.
878 3520 895 3569 3
912 3519 928 3579 §
940 3523 972 3567 14
984 3515 1070 3581 (add.)
1084 3525 1178 3583 919991.
1186 3521 1279 3585 praes.

215 3599 243 3647 p.
255 3587 313 3648 201,
323 3590 340 3635 4
354 3586 447 3651 (adn).
482 3586 593 3652 Virginis
604 3603 711 3652 mutans,
731 3604 788 3638 mun
798 3588 913 3638 uirorum
925 3587 1081 3637 carminibus
1093 3595 1280 3653 comparatam,

217 3661 329 3704 eandam
356 3663 381 3706 et
402 3657 573 3706 uerenmdam
594 3656 677 3706 uideri
699 3659 754 3707 iure
776 3657 841 3706 dizit
863 3656 1001 3708 LGrimm
1023 3655 1080 3718 (lat.
1099 3655 1163 3706 Geel.
1181 3655 1226 3707 des
1245 3658 1278 3711 X.

216 3736 242 3773 u.
259 3721 308 3774 XI.
318 3721 371 3787 tn,
390 3724 500 3788 pm
522 3725 565 3776 ubi
591 3726 696 3789 aequius
721 3726 843 3776 iudicauit
868 3742 946 3789 orsam
974 3733 1051 3774 antea
1077 3726 1105 3775 in
1132 3724 1280 3778 lectionibus

218 3792 379 3844 acodnuicis:
405 3795 440 3859 cf.
468 3794 573 3853 Baedro,
605 3793 702 3846 Nacbr.
726 3794 773 3846 der
795 3795 819 3845 lo.
845 3795 902 3846 Ges.
929 3795 954 3846 d
979 3793 1048 3844 Wiss.
1072 3811 1104 3844 eu
1129 3794 1280 3861 Gaettinqen

217 3864 441 3927 a.1900p.523)‚·
467 3864 508 3914 cui
535 3864 728 3926 adstipulantur
751 3863 887 3914 Benditoen
896 3863 933 3913 ΙΙ
948 3863 1283 3928 p.8sqq.et1ioeplee11

212 3945 241 3993 p.
253 3932 299 3981 216
306 3948 357 3997 sqq.
381 3931 470 3998 Lonpe
487 3933 563 3983 aliter
580 3934 689 3983 sentiunt
711 3933 809 3984 Seberr
830 3933 958 3995 (deutsche
979 3931 1090 3984 Kultur-
1107 3933 1163 3983 und
1184 3932 1278 3985 Sitten-

214 3999 351 4062 pescbicbte
367 4002 391 4032 ¹⁰
411 4017 441 4066 p.
457 4001 555 4066 9299),
582 4000 717 4052 29922992
740 4000 883 4066 (Rouoitlto
908 4019 934 4052 u.
964 3999 992 4051 C.
1009 4001 1112 4053 Oeltes²
1127 4018 1157 4066 p.
1174 4004 1279 4068 2799.);

216 4083 321 4131 qtsorum
346 4072 503 4137 arpumentis
528 4088 581 4120 non
606 4073 713 4121 multum
740 4071 841 4134 tribuet,
869 4072 913 4136 qui
936 4070 1090 4138 Hieronymi
1113 4089 1166 4122 non
1193 4073 1279 4122 minus

216 4151 290 4200 quam
315 4138 454 4190 Paschasii
475 4137 602 4190 liodberti
628 4149 709 4191 aetate
735 4140 771 4190 ad
796 4140 982 4192 controversias
1009 4142 1041 4191 de
1063 4149 1146 4205 partu
1172 4141 1278 4206 sirpinis

216 4214 296 4256 motas
314 4209 439 4260 moniales
460 4209 571 4259 manime
592 4210 727 4260 eunden
750 4210 892 4259 meminerit
909 4211 957 4274 (cf.
980 4208 1121 4272 Hamus,
1148 4209 1277 4275 Dopmen-

216 4275 351 4339 pescliebte
364 4278 430 4329 111¹
443 4294 473 4343 p.
485 4280 533 4328 276
541 4276 575 4338 ¹).·
592 4279 713 4329 monialis
729 4279 782 4345 fuit
794 4278 917 4342 Hrotsuit‚
935 4294 1014 4343 neque
1031 4281 1093 4344 sieri
1104 4279 1198 4345 potuit,
1216 4281 1277 4344 quin
