2970 4890
660 322 688 378 11
705 325 731 382 e.
748 324 896 394 affiatu.
1291 330 1342 384 ιιι

103 493 198 584 [1131
211 496 299 560 cuius
326 500 436 581 partes
464 495 651 560 coniunctae
679 496 835 561 minorem
862 497 917 561 illo
939 518 1088 578 numero,
1118 500 1207 563 cuius
1232 504 1341 584 partes

215 587 301 665 sunt,
336 601 482 646 summac
524 584 738 666 quantitatem
772 582 924 647 reddunt:
956 591 992 648 ut
1020 584 1116 659 VIII;
1151 593 1202 650 cst
1233 592 1342 651 autem

216 669 370 732 octonarii
392 667 551 732 medietas
573 669 652 750 1111,
675 689 750 752 pars
794 668 952 749 nartali,
976 691 1050 755 pars
1074 676 1189 736 octava
1203 671 1234 735 1:
1259 692 1342 757 quae

157 756 195 817 14
215 755 249 819 in
268 774 369 818 unum
390 753 543 818 redactae
564 761 691 840 septem
713 691 862 821 reddunt.
900 755 1052 820 Similiter
1074 757 1223 823 denarius
1244 756 1345 824 habet

216 839 380 904 dimidiam
409 847 536 926 partem
555 840 597 923 V,
629 843 772 926 quintam
804 849 911 906 autem
943 842 990 924 ΙΙ,
1023 843 1181 908 decimam
1211 864 1288 908 vero
1310 843 1341 911 l:
1374 868 1386 908 s

157 928 194 990 15
216 946 298 1012 quae
314 927 409 991 simul
424 927 593 1012 copulatae
605 926 688 992 VllI
703 928 864 1013 colligunt.
888 927 916 991 E
932 930 1092 994 contrario
1109 937 1217 994 autem
1231 950 1343 1016 super-

214 1013 295 1077 fluus
311 1012 434 1094 dicitnr,
458 1014 546 1077 cuius
561 1019 671 1098 partes
687 1014 836 1098 augendo
853 1023 1013 1078 crescunt:
1037 1023 1073 1079 ut
1088 1016 1168 1090 xl1;
1193 1023 1242 1080 cst
1260 1018 1344 1082 enim

218 1097 404 1163 duodenarii
431 1098 589 1163 medietas
610 1099 672 1177 VI,
702 1121 777 1185 pars
805 1102 900 1164 tertia
928 1100 1010 1178 1111,
1039 1122 1114 1187 pars
1143 1110 1256 1189 quarta
1283 1102 1344 1184 111,

158 1185 193 1248 16
213 1205 287 1270 pars
309 1192 403 1249 sexta
426 1185 474 1263 ΙΙ,
503 1206 577 1271 pars
600 1185 790 1250 duodecima
813 1186 843 1250 I:
878 1187 930 1251 bic
960 1189 1105 1252 cumulus
1132 1188 1291 1254 redundat
1311 1190 1345 1254 in
1374 1210 1387 1251 s

217 1269 367 1336 sedecim.
412 1270 457 1335 Ut
480 1279 588 1335 autem
610 1273 819 1358 principalem
845 1294 910 1337 non
932 1280 1154 1358 praeteream,
1182 1276 1236 1360 qui
1262 1277 1346 1341 inter
1363 1284 1411 1354 fot
1424 1286 1485 1336 199

215 1357 402 1443 inaequales
424 1358 687 1442 intemperantias
711 1359 808 1423 medii
831 1365 1122 1444 temperamentum
1144 1362 1253 1426 limitis
1276 1382 1344 1427 sor-

217 1444 292 1507 titus
320 1450 387 1526 est,
414 1444 468 1508 ille
496 1465 647 1508 numerus
675 1445 837 1530 perfectus
864 1445 993 1528 dieitur,
1026 1448 1095 1532 qui,
1128 1449 1193 1512 suis
1223 1468 1346 1533 aequus

216 1529 375 1616 partibus,
408 1550 469 1594 nec
499 1538 598 1615 auget
626 1551 686 1595 nea
717 1532 843 1595 minuit:
878 1539 914 1596 ut
935 1531 999 1610 VI,
1034 1535 1123 1598 cuius
1155 1541 1278 1635 partes,
1311 1534 1345 1599 id

218 1621 267 1680 est
293 1615 345 1680 III
376 1615 411 1679 II
438 1616 470 1684 1.
502 1616 638 1680 eundem
663 1618 823 1681 senarium
850 1620 1031 1683 restituunt.
1089 1619 1190 1685 Simili
1217 1640 1345 1707 quoque

216 1703 364 1853 ἓῐίοιιῒιιιΠ
368 1702 530 1783 XXVIII,
563 1701 802 1784 ccccxciii,
830 1704 1179 1771 VIIImiliaOXXVIII
1208 1708 1345 1793 perlecti
1364 1736 1388 1775 rs

251 1809 311 1853 cun
366 1838 372 1852 .

303 2012 335 2064 11
352 2014 486 2080 inequales
503 2016 539 2064 eie
556 2014 589 2064 Μ

285 2220 427 2272 minoribus
444 2222 628 2273 consideratur.
658 2221 700 2271 Illi
717 2221 785 2272 enim
803 2222 967 2272 immoderata
984 2222 1170 2288 quodammodo
1187 2221 1347 2288 plenitudine

229 2301 241 2338 s
286 2290 381 2356 proprii
398 2291 510 2356 corporis
528 2291 630 2341 modum
648 2291 759 2356 partium
777 2306 882 2341 suarum
902 2293 1084 2342 numerositate
1101 2292 1270 2357 praecedunt;
1288 2291 1346 2342 illos

286 2368 371 2410 autem
388 2360 461 2411 velut
472 2366 623 2426 paupertate
635 2360 723 2425 inopes
736 2375 921 2425 oppressosque
932 2361 1042 2425 quadam
1059 2368 1165 2410 naturae
1182 2375 1245 2410 suae
1262 2361 1348 2426 iuopia

285 2428 382 2488 minor,
404 2445 481 2494 quam
499 2429 548 2495 ipsi
565 2436 638 2490 sunt,
661 2429 773 2494 partium
790 2444 891 2479 summa
908 2430 1043 2495 componit.
1078 2429 1162 2493 Atque
1180 2428 1218 2478 illi
1236 2425 1347 2494 quidem,

287 2512 397 2562 qnorum
420 2507 505 2564 partes
527 2499 689 2561 ultraquam
708 2497 771 2547 satis
792 2506 831 2548 est
853 2513 908 2548 sese
926 2498 1097 2563 porrexerint,
1122 2497 1285 2562 superflui
1303 2513 1348 2547 no·

285 2566 430 2629 minantur,
454 2573 484 2617 nt
505 2575 567 2618 sunt
583 2569 634 2617 XII
645 2568 687 2617 rel
705 2567 814 2616 XXIIII,
852 2566 888 2616 Hi
906 2568 973 2616 enim
995 2567 1050 2617 suis
1074 2567 1189 2631 partibus
1207 2567 1348 2631 comparati

220 2643 245 2683 1⁰
288 2634 409 2686 maiorem
427 2637 539 2702 partium
552 2652 678 2687 summam
690 2642 744 2686 toto
761 2651 865 2700 corpore
877 2636 1026 2687 sortiuntur.
1053 2635 1099 2684 Est
1116 2636 1185 2685 enim
1196 2635 1348 2686 duodenarii

286 2704 407 2756 medietas
418 2705 461 2767 Vl,
484 2720 543 2771 pars
561 2706 636 2757 tertia
653 2706 711 2765 IIIl,
734 2720 794 2770 pars
811 2712 904 2769 quarta
922 2705 967 2763 111,
990 2719 1049 2770 pars
1067 2711 1140 2754 sexta
1157 2705 1190 2766 11,
1208 2719 1269 2769 pars
1286 2704 1348 2754 duo·

287 2771 385 2823 decima
401 2775 426 2823 1:
448 2775 581 2840 omnisque
603 2775 645 2824 hic
667 2773 786 2824 cumulus
807 2773 933 2823 redundat
952 2774 979 2823 in
1001 2773 1063 2822 XVI
1084 2779 1111 2822 st
1133 2772 1212 2823 totins
1234 2773 1347 2838 eorporis

288 2842 329 2891 eui
340 2842 529 2894 multitudinem
541 2845 657 2895 vincunt
676 2879 682 2893 .
703 2882 709 2894 .
727 2879 734 2892 .
752 2840 789 2905 (p.
801 2840 894 2905 40,11)
911 2841 996 2907 Atque
1014 2842 1056 2892 bie
1067 2841 1177 2905 quidem,
1195 2840 1270 2892 euius
1281 2856 1349 2892 com·

287 2911 385 2976 poeitae
406 2920 490 2978 partes
511 2914 590 2964 totius
608 2928 733 2963 summam
758 2911 857 2960 numeri
874 2910 996 2974 vincunt,
1019 2911 1165 2975 superfluus
1188 2909 1349 2976 appellatur;

288 2978 473 3033 deminutus
491 2998 552 3034 vero
570 2982 622 3042 ille,
641 2982 715 3031 cuius
733 2980 820 3030 eodem
838 2979 912 3030 modo
930 2980 1084 3045 compositae
1102 2987 1187 3046 partes
1203 2980 1283 3031 totius
1300 2987 1350 3031 ter-

288 3049 351 3099 mini
369 3050 532 3103 multitudine
550 3059 714 3117 superantur,
733 3057 763 3100 ut
774 3050 836 3098 VIII
853 3049 896 3099 rel
907 3051 991 3100 XIIII.
1020 3049 1106 3100 Habet
1123 3050 1192 3100 enim
1202 3049 1349 3101 octonarius

287 3124 384 3184 partem
402 3120 510 3171 mediam
529 3121 611 3172 idest
629 3121 687 3180 IIII,
711 3118 789 3168 habet
805 3126 831 3169 et
849 3127 967 3183 quartam
984 3118 1011 3167 id
1028 3124 1067 3168 est
1083 3119 1116 3179 ΙΙ,
1141 3126 1167 3170 et
1183 3125 1301 3169 octavam
1323 3118 1350 3169 id

288 3193 327 3237 eet
343 3189 368 3238 1:
392 3205 457 3252 quae
478 3196 586 3241 cunctas
608 3190 636 3239 in
659 3205 740 3239 unum
758 3187 877 3239 redactae
889 3190 938 3237 VII
955 3187 1094 3254 colligunt,
1112 3189 1236 3240 minorem
1253 3187 1351 3240 seilicet

288 3271 414 3307 summam
437 3266 489 3308 toto
511 3274 616 3325 corpore
637 3257 826 3309 concludentes.
851 3294 858 3308 .
884 3295 890 3309 .
914 3294 920 3306 .
943 3255 981 3323 (p.
998 3256 1076 3321 41,6)
1099 3258 1169 3309 Inter
1194 3257 1241 3308 bos
1262 3263 1351 3309 autem

288 3324 360 3377 velut
376 3327 443 3377 inter
458 3328 609 3392 inaequales
626 3327 835 3392 intemperantias
852 3327 929 3377 medii
946 3332 1175 3392 temperamentum
1192 3325 1280 3377 limitis
1297 3343 1351 3379 eor·

288 3393 351 3444 titus
362 3403 401 3446 est
412 3395 456 3446 ille
468 3413 598 3457 numerus,
617 3397 662 3460 qui
679 3397 843 3462 perlectus
861 3397 962 3458 dicitur,
974 3395 1076 3446 virtutis
1089 3395 1186 3448 scilicet
1198 3396 1350 3457 aemulator,

291 3463 337 3526 qui
353 3480 401 3516 nec
412 3481 574 3531 supervacua
583 3465 761 3532 progressione
774 3466 912 3532 porrigitur
928 3481 977 3516 neo
988 3471 1118 3516 contracte
1135 3481 1225 3516 rursus
1236 3465 1351 3516 deminu-

288 3531 357 3584 tione
375 3535 519 3597 remittitur,
538 3536 582 3586 sed
594 3534 738 3585 medietatis
756 3535 874 3586 obtinens
892 3536 1030 3586 terminum
1047 3535 1102 3585 auis
1119 3550 1217 3600 aequus
1235 3534 1351 3601 pertibus

289 3616 336 3651 nec
353 3612 482 3655 erassatur
499 3604 658 3655 abundantia
674 3618 722 3654 nec
744 3612 803 3669 eget
822 3605 923 3671 inopia,
948 3610 979 3654 ut
996 3604 1031 3654 VI
1050 3603 1096 3655 'vel
1119 3604 1239 3655 XXVIII.
1274 3604 1352 3656 Nam-

289 3686 339 3735 que
360 3674 478 3723 senarius
496 3673 575 3724 habet
593 3680 689 3738 partem
707 3673 815 3723 mediam
833 3674 860 3723 id
877 3681 917 3726 est
932 3675 979 3737 111,
1001 3679 1027 3724 et
1047 3673 1148 3724 tertiam
1165 3673 1192 3723 id
1212 3673 1301 3736 eutii,
1326 3679 1352 3725 et

289 3746 389 3791 sextam
411 3742 439 3792 id
458 3749 498 3793 est
514 3745 538 3793 12
565 3757 631 3808 quae
649 3741 675 3791 in
697 3757 776 3792 unam
794 3758 920 3794 summam
942 3743 965 3794 si
987 3742 1105 3793 redactae
1122 3743 1187 3803 sint,
1205 3757 1253 3808 par
1269 3747 1352 3794 totum

289 3811 389 3861 numeri
411 3827 504 3877 corpus
525 3812 579 3862 suis
598 3811 714 3877 partibus
737 3811 876 3863 invenitur.
896 3852 902 3864 .
922 3848 953 3863 ..
976 3808 1014 3874 (p.
1034 3815 1074 3873 41,
1083 3810 1126 3869 22)
1150 3812 1197 3861 Est
1213 3817 1300 3862 autem
1324 3812 1352 3863 in

289 3877 329 3928 his
346 3895 448 3945 quoque
466 3896 562 3946 magna
579 3880 718 3930 similitudo
736 3881 838 3932 vinetis
855 3888 881 3932 et
898 3880 963 3931 vitii.
998 3880 1127 3930 Perfectos
1145 3880 1214 3931 enim
1231 3894 1351 3931 numeros

289 3955 404 4000 rarenter
425 3950 542 4001 invenies
566 3965 660 4014 eosque
681 3948 756 4001 facile
774 3949 958 4010 numerabiles,
983 3948 1078 4015 quippe
1101 3950 1146 4013 qui
1164 3949 1239 4014 pauci
1257 3948 1309 3998 sint
1325 3956 1352 4000 et

292 4017 367 4068 nimis
384 4019 511 4070 constanti
532 4019 621 4069 ordine
638 4019 771 4084 procreati.
798 4022 833 4069 At
844 4035 904 4070 vero
922 4018 1066 4082 superfluos
1077 4033 1108 4067 ac
1119 4017 1264 4068 deminutos
1274 4015 1352 4083 longe

289 4086 383 4138 multos
405 4088 569 4153 infinitosque
589 4088 712 4153 reperies.
733 4103 781 4139 nec
804 4089 866 4138 ullis
887 4086 1020 4139 ordinibus
1042 4086 1137 4151 passim
1159 4085 1352 4151 inordinateque

290 4154 425 4221 dispositos
442 4163 468 4207 et
486 4153 512 4222 [a
524 4173 573 4207 om.
586 4156 638 4207 aaa
651 4151 735 4222 codd]
753 4156 825 4208 nullo
843 4159 913 4208 certo
930 4157 982 4206 tine
998 4161 1142 4218 generatos.
1183 4154 1248 4204 Sunt
1265 4161 1352 4205 antem

290 4227 394 4288 perfecti
411 4227 511 4276 numeri
529 4227 598 4277 intra
608 4225 743 4276 denarium
755 4242 891 4277 numerum
903 4226 946 4288 Vl,
963 4225 1032 4272 intra
1043 4223 1218 4273 centenarium
1230 4223 1351 4287 XXVIII,

291 4307 357 4361 susa
374 4311 546 4362 musaeum
564 4310 739 4374 ccccxcvi
757 4312 826 4363 insa
843 4311 931 4362 asom
948 4291 1256 4361 munssfficxxmn.
1276 4347 1283 4361 .
1302 4347 1308 4361 .
1327 4348 1333 4360 .
