2970 4890
605 308 785 364 ILMaria.

233 482 327 547 Hane
349 480 440 566 adiit,
463 480 559 546 radiis
582 481 690 569 coepit
711 482 836 568 fulgere
860 485 1008 567 coruscis,

231 569 302 635 Nec
323 574 399 655 post
420 568 505 634 haec
525 566 570 633 ibi
593 569 742 633 caelestis
765 570 821 634 lux
844 568 946 636 defuit
969 573 1055 636 omni

233 655 406 741 Tempore,
431 675 494 741 quo
517 655 658 739 genitrix
679 656 744 721 illio
766 657 884 720 mansit
906 657 990 721 bene
1014 660 1102 725 felix.

277 741 389 807 Noctis
412 742 604 828 tranquillae
627 743 736 808 medio
759 743 928 808 libramine
952 755 1040 809 certe

233 829 304 894 Illic
325 829 408 893 haec
432 826 548 893 eadem
571 830 685 914 genuit
706 830 895 915 virguncula
917 832 1041 917 prolem

233 913 386 981 Gaudens
409 913 549 980 divinam
573 917 694 980 cunctis
716 916 831 980 saeclis
853 916 1081 1000 venerandam,

234 1001 295 1067 Cui
316 1021 436 1067 nomen
457 1001 559 1084 Iesus,
584 1001 636 1066 oui
657 1003 699 1066 sit
721 1003 791 1067 laus
813 1002 918 1087 gloria
940 1005 1050 1085 virtus,

233 1087 368 1154 Solvere
391 1089 446 1174 qui
467 1097 616 1153 veterum
637 1090 771 1154 veniens
793 1091 923 1154 oracula
945 1099 1054 1156 votum

234 1174 278 1240 Se
300 1196 359 1262 pro
382 1174 537 1240 salvando
560 1181 730 1240 venturum
755 1177 903 1261 praescia
925 1178 1044 1243 mundo

233 1262 353 1327 Pacem
376 1262 537 1327 caelicolis
560 1260 638 1325 fecit
660 1283 731 1327 oum
756 1262 878 1327 civibus
902 1263 997 1329 orbis.

236 1347 341 1423 Quem
363 1349 508 1433 genitum
531 1368 623 1413 sacro
647 1355 757 1414 castae
780 1347 822 1412 de
845 1350 975 1434 virginis
998 1353 1071 1417 alvo

233 1435 383 1500 Protinus
405 1435 569 1521 angelicus
593 1435 777 1500 circumstat
799 1434 938 1521 denique
962 1445 1083 1521 coetus,

232 1519 386 1586 Laudans
409 1521 575 1587 submissis
599 1521 755 1587 factorem
777 1521 910 1588 vocibus
934 1524 1031 1607 orbis,

235 1607 339 1674 Orans
362 1613 397 1673 et
417 1628 553 1695 puerum
574 1607 669 1673 nobis
692 1607 733 1673 de
756 1607 862 1674 sidere
885 1609 1026 1676 missum.

233 1693 300 1760 Sed
321 1700 426 1759 mater
447 1693 553 1760 subito
578 1696 700 1760 cunctis
721 1695 917 1779 veneranda,
940 1696 1054 1779 Maria,

237 1779 384 1846 Collooat
406 1787 542 1866 angusto
566 1783 718 1869 praesepi
739 1782 886 1847 membra
909 1784 1030 1848 tenella
1261 1785 1370 1851 tvl-1⁶¹

238 1866 365 1950 Christi,
388 1868 566 1953 panniculis
589 1888 700 1953 regern
724 1868 883 1933 volvendo
907 1890 1093 1954 perennem.

279 1953 322 2018 Et
344 1954 415 2040 pius
437 1954 563 2020 interea
583 1954 706 2040 Ioseph
729 1953 891 2039 digressus
912 1956 954 2021 ab
976 1958 1033 2021 illa

235 2039 316 2105 Mox
338 2040 530 2106 obstetrices
553 2061 663 2105 secum
686 2040 778 2105 duxit
799 2042 959 2122 mulieres,

235 2125 327 2199 Quae
350 2126 473 2192 Zelemi
497 2125 628 2192 Salome
651 2126 780 2192 fuerant
802 2127 843 2192 de
865 2131 995 2195 nomine
1019 2131 1134 2195 dictae.

240 2212 317 2278 Sola
340 2213 399 2278 sed
420 2213 599 2300 ingreditur
620 2214 753 2295 Zelemi,
778 2212 972 2302 Salomequo
996 2225 1126 2281 voretur

237 2299 387 2385 Tangere
410 2302 598 2386 speluncam
620 2300 758 2387 pedibus
781 2302 953 2385 splendore
976 2305 1145 2388 repletam,

237 2386 317 2451 Mox
340 2407 468 2473 quoque
492 2387 672 2472 virgineum
694 2387 817 2452 Zelemi
840 2394 981 2453 tractans
1003 2391 1056 2476 pie
1079 2397 1216 2476 partum,

236 2472 443 2558 Exclamans,
465 2474 559 2559 sigui,
582 2474 674 2557 dixit,
697 2474 782 2538 bene
805 2475 936 2540 credula
959 2478 1053 2540 tanti:

238 2558 334 2633 ‘Quid
356 2561 417 2625 sibi
439 2582 504 2627 non
526 2566 646 2646 nuptae
669 2566 780 2647 partus
802 2562 872 2626 vult
892 2563 953 2626 iste
976 2564 1144 2628 novellus?

239 2645 353 2712 Editus
376 2668 453 2713 ecce
475 2668 557 2735 puer
578 2647 682 2732 regali
704 2648 848 2732 germine
870 2669 972 2734 nuper

240 2731 393 2820 Coniugis
417 2742 587 2821 expertem
608 2733 693 2798 bene
717 2733 861 2799 declarat
882 2735 952 2801 fore
974 2743 1120 2819 matrem,

239 2819 346 2906 Atque
369 2842 486 2908 parens
508 2822 733 2906 virgonatum
755 2822 856 2886 lactat
899 2823 930 2887 ie
955 2825 1033 2900 sola,

238 2906 400 2973 Uberibus
423 2909 519 2973 castis
541 2907 582 2972 de
607 2909 698 2973 caelo
721 2909 790 2974 iure
812 2844 961 2994 repsstim

237 2992 312 3058 Non
334 2994 426 3061 dolor
448 3002 498 3060 est
518 2996 624 3071 matri,
648 3016 710 3060 nec
733 3000 783 3060 est
804 2996 977 3061 maculatio
1000 2998 1098 3082 proli:

240 3079 360 3147 Ordine
384 3081 490 3146 divino
513 3083 583 3147 fieri
605 3081 664 3146 sod
687 3081 765 3146 talia
787 3081 906 3147 oredo?

283 3167 376 3234 Hanc
398 3166 530 3233 Salome
553 3189 666 3233 rocem
689 3189 845 3255 spernens
867 3189 932 3233 non
954 3169 1029 3232 ficta
1051 3170 1238 3256 loquentem

239 3253 378 3320 Dixerat
400 3254 518 3320 auditis
541 3274 612 3319 sese
635 3276 701 3319 non
724 3254 857 3320 credere
880 3255 999 3335 verbis,

238 3340 281 3404 Ni
302 3341 418 3428 probet
438 3343 509 3427 ipsa
531 3362 655 3407 sacram
678 3342 787 3428 palma
810 3341 969 3427 tangendo
992 3341 1137 3407 Mariam.

240 3425 325 3492 Hinc
345 3428 491 3513 ingressa
514 3448 604 3493 suam
627 3429 735 3514 eoepit
757 3428 953 3514 protendere
978 3427 1127 3494 dextram

239 3512 412 3597 Audacter,
435 3520 558 3579 castam
581 3520 648 3579 tem
672 3522 744 3578 tans
765 3515 900 3600 palpare
922 3515 1074 3591 Mariam;

240 3598 306 3665 Sed
329 3601 401 3665 talis
422 3622 562 3689 poenam
587 3538 712 3666 confert
734 3601 872 3667 audacia
894 3601 1036 3686 dignam,

242 3684 433 3774 Dextraque
456 3688 607 3753 continno
631 3689 822 3774 temptotrix
844 3688 1015 3754 debilitata

239 3771 366 3858 Ingenti
390 3781 477 3839 certe
502 3775 659 3840 cruciatur
680 3775 749 3839 iure
773 3775 895 3840 dolore.

219 3998 270 4052 576
287 4001 378 4053 saecbs
389 4001 514 4053 Bartsch:
532 3999 594 4054 selis
607 4002 641 4054 Μ
649 4001 719 4067 (item
730 4000 803 4069 secla
815 4021 867 4056 acc.
877 4005 939 4070 140)
1024 4003 1075 4058 5ῖο
1088 4012 1207 4058 uontrum
1221 4004 1262 4054 Μ1

221 4187 273 4240 573
290 4192 324 4258 cs.
342 4209 434 4258 appar.
453 4192 490 4242 cd
508 4191 579 4246 Mar.
591 4195 647 4245 312.
725 4192 776 4245 584
794 4197 828 4260 ef.
842 4193 913 4246 Mar.
926 4198 981 4246 537.
1051 4192 1103 4246 590
1115 4195 1149 4260 cf.
1162 4191 1264 4245 Selinda

133 4276 161 4324 p.
172 4259 263 4320 26¹¹&
286 4262 388 4314 fuerant
409 4263 441 4314 ds
464 4264 569 4314 nomine
586 4264 681 4316 dictam
699 4265 733 4329 cs.
757 4263 872 4329 Theopl.
885 4269 907 4315 ὅ.
1001 4262 1053 4316 600
1070 4263 1220 4315 Ρε.-Μαεοι.
1234 4264 1265 4313 13

138 4328 209 4379 nulls
224 4329 330 4396 pollutio
348 4332 482 4399 sanguinis
500 4333 569 4384 sacta
587 4339 625 4384 est
642 4335 670 4384 iu
688 4342 815 4396 nascente,
833 4335 921 4384 nullus
939 4333 1010 4384 dolor
1028 4335 1055 4383 in
1073 4335 1237 4399 parturiente.
