2970 4890
311 292 319 315 ⁸
398 326 440 380 111
457 328 482 385 s.
497 326 651 394 maaria
668 325 785 380 maus
804 325 1047 382 comumnes.
1239 327 1293 381 sss

263 500 386 586 Ijsdem
411 500 611 584 temporibus
633 497 779 585 possedit
804 519 890 584 pape
912 499 1028 562 beatus

264 585 397 670 Sergius
420 586 577 651 ecclesias
600 587 773 672 primatum
797 604 937 669 namque
960 584 1135 667 regendae.

262 672 327 736 Hic
348 670 404 735 ubi
428 671 567 756 perlegit
589 679 694 736 cartas
716 672 803 755 regis
826 671 887 734 sibi
910 670 1033 748 missas,

262 758 380 833 Sensit,
403 757 526 821 honore
550 758 665 822 ducem
688 778 812 821 summo
838 756 969 841 dignum
992 757 1192 831 venientem

260 843 304 908 Et
326 843 542 929 perquirendo
566 864 706 925 causam,
731 864 793 928 qua
816 849 950 906 venerat
973 842 1039 921 illo,
1232 859 1292 910 (rau

260 929 391 994 Affectu
413 930 482 993 miti
505 930 659 994 blandum
682 951 717 993 se
740 929 890 1014 praebuit
911 928 966 991 illi.

262 1015 367 1089 Quem
391 1035 451 1079 ceu
474 1017 660 1100 pontificem
684 1036 843 1079 summum
866 1015 981 1078 merito
1004 1013 1225 1078 venerandum

260 1101 410 1166 Exorans
434 1100 500 1164 dux
522 1102 692 1167 Lindulfus
716 1122 786 1165 curn
812 1102 949 1183 coniuge
972 1120 1102 1186 pronus,

260 1188 369 1253 Utitur
389 1188 439 1251 his
462 1188 569 1252 verbis
592 1195 661 1253 tota
684 1186 855 1252 dulcedine
878 1188 1000 1250 mixtis:

259 1271 385 1338 ‘Inclita
408 1293 504 1358 papa.
527 1275 590 1338 tuis
612 1295 653 1338 ne
677 1275 720 1337 sis
743 1273 841 1337 durus
863 1273 1052 1356 peregrinis,
1232 1290 1289 1338 (no)

262 1358 324 1432 Qui
347 1359 387 1423 de
411 1360 596 1445 longinquis
620 1366 775 1423 terrarum
799 1359 945 1423 venimus
967 1359 1031 1422 oris

262 1445 448 1509 Muneribus
471 1448 572 1510 nostri
594 1447 766 1509 famulatus
789 1452 822 1508 te
845 1445 1003 1509 venerari.

260 1530 400 1595 Nitimur
421 1531 564 1596 ardentis
587 1538 656 1596 toto
680 1533 848 1595 conamine
872 1532 989 1595 mentis

262 1615 410 1681 Condere
435 1618 628 1682 coenobium
652 1617 773 1681 domini
795 1617 855 1680 sub
878 1618 1000 1681 honore
1024 1612 1230 1684 sacrandum

261 1702 357 1768 Unde
380 1703 511 1788 quidem
533 1705 636 1768 visum
659 1704 753 1767 nobis
776 1710 826 1766 est
848 1704 989 1767 maxime
1011 1703 1142 1781 iustum,
1232 1714 1289 1765 (its)

260 1789 291 1852 A
313 1797 346 1853 te
369 1790 491 1854 consilii
514 1791 660 1854 solamen
683 1809 840 1874 quaerere
864 1790 943 1852 certi

260 1873 303 1939 Et
325 1875 464 1939 studium
487 1878 588 1940 nostri
610 1876 670 1939 tibi
692 1877 752 1939 rite
775 1874 938 1960 precando
961 1872 1066 1942 fateri,

261 1960 323 2033 Qui
345 1968 442 2046 caput
464 1964 621 2027 ecclesiae
645 1967 714 2026 toto
738 1960 911 2025 dominaris
931 1961 964 2024 iu
988 1959 1082 2029 orbe;

263 2046 345 2127 Quo,
368 2048 395 2111 si
419 2048 502 2112 forte
525 2049 585 2112 tibi
607 2049 737 2134 placeat
759 2046 889 2111 devotio
912 2046 1022 2126 nostri,

261 2132 427 2197 Auxilium
449 2135 629 2218 praebente
652 2141 708 2197 tua
731 2134 853 2218 pietate
876 2139 1022 2216 paterna,
1232 2142 1289 2194 (1⁵⁰)

263 2217 357 2291 Quod
379 2221 463 2283 rotis
485 2222 637 2305 gerimus,
662 2220 756 2283 lactis
778 2220 863 2283 bene
887 2218 1100 2304 perficiamus.

261 2304 377 2386 Actu,
401 2307 567 2371 eonsilium
591 2306 680 2370 ouius
702 2307 818 2369 merito
841 2306 1034 2388 flagitamus,

261 2389 426 2476 Susceptis
450 2391 541 2456 donis
565 2391 716 2456 elementi
739 2399 873 2476 pectore
896 2391 1022 2466 nostris,

263 2475 393 2541 Scilicet
415 2483 449 2541 et
470 2480 557 2562 regis
581 2478 764 2562 compulsus
788 2497 897 2540 amore
920 2476 1081 2559 perennis,

260 2561 397 2627 Praesta
419 2569 601 2628 sanctorum
624 2564 718 2628 nobis
741 2584 832 2627 saera
855 2563 999 2647 pignora,
1023 2581 1159 2645 quorum
1231 2574 1288 2627 (aa)

262 2646 372 2712 Omnis
396 2650 544 2714 coenobii
568 2651 761 2714 constructio
784 2649 896 2734 possit·
910 2647 1023 2711 honori

261 2732 348 2818 Apte
372 2737 501 2819 signari,
525 2737 624 2800 saeris
644 2737 832 2819 meritisque
855 2734 950 2798 tueri.

261 2818 368 2904 thue
392 2823 433 2885 sit
455 2822 577 2907 absque
599 2824 676 2905 iugo
699 2842 813 2905 regum
861 2839 896 2882 er
918 2820 1026 2883 saecla
1048 2823 1217 2903 potentum

259 2903 329 2970 Nec
352 2913 552 2971 terrenorum
575 2909 717 2992 patiatur
739 2909 803 2971 rim
827 2841 1039 2986 dominorum,

262 2990 335 3056 Hoc
357 2994 492 3057 rectoris
515 2994 683 3078 apostolici
706 2994 808 3058 solum
833 2992 946 3055 ditioni
1230 3003 1290 3054 (rso)

262 3077 432 3143 Tradimus
455 3079 497 3143 ad
520 3079 761 3144 defendendum
783 3079 966 3164 pariterque
990 3073 1192 3161 regendum?

260 3163 353 3229 Haec
377 3164 451 3230 dux.
497 3165 540 3229 ut
562 3187 704 3230 summus
726 3166 855 3251 praesul
877 3165 923 3228 sio
947 3163 1080 3246 Sergius
1104 3181 1194 3225 orsus

259 3250 380 3335 Inquit:
403 3251 462 3315 ‘Te
487 3252 556 3316 miti
578 3253 777 3337 complector
798 3256 942 3336 pectore,
965 3249 1021 3331 fili,

262 3334 517 3422 Oousortemque
540 3346 629 3403 tuarn
652 3340 774 3423 pariter
796 3339 995 3422 complector
1016 3332 1200 3413 amandam,

259 3422 368 3507 Atque
414 3425 452 3488 iis
475 3423 588 3488 studiis
611 3424 756 3509 gaudeus
780 3424 970 3509 congaudeo
993 3421 1118 3503 restris,
1231 3435 1289 3488 (1⁶⁵)

262 3508 332 3573 Neo
354 3445 447 3574 vobis
470 3511 567 3576 oredo
591 3511 640 3575 fas
663 3531 735 3575 esse
757 3531 879 3595 negare
901 3511 1014 3596 petita.

256 3594 320 3659 Hic
343 3595 406 3660 duo
430 3605 572 3661 rectores
594 3597 723 3663 fuerant
745 3597 917 3682 aliquando
940 3602 1102 3680 potentes,

258 3680 394 3746 Praesul
416 3682 605 3748 Anastasius
629 3684 715 3748 sedis
738 3684 955 3747 sanctissimus
976 3681 1071 3745 huius

237 3866 288 3921 125
304 3870 412 3922 Eisdem
425 3871 447 3931 l,·
459 3871 494 3937 es.
507 3887 558 3922 osc.
568 3875 599 3922 19
668 3869 719 3922 129
731 3872 776 3924 ille
788 3871 806 3934 l,
818 3871 1039 3931 illicbrcorreai,·
1051 3872 1085 3937 ef.
1105 3868 1221 3933 Theopb.
1232 3871 1286 3930 110,

147 3942 280 4003 patrm
372 3936 424 3991 130
449 3941 552 3991 affectu
568 3940 605 3990 sic
622 3940 645 3989 t:
664 3941 787 3992 emtut
882 3938 932 3992 133
954 3942 990 3992 Ut
1007 3941 1087 4007 igitur
1105 3940 1124 4000 t,
1142 3939 1237 4003 Utique
1256 3935 1288 3992 tr

149 4008 184 4073 cs.
203 4005 266 4058 Bos.
276 4010 309 4058 81
389 4006 440 4060 146
458 4010 532 4061 cuius
549 4009 642 4073 scripsi
659 4007 703 4073 (de
721 4009 812 4060 ordine
829 4009 963 4060 carbonum
982 4009 1016 4074 cf.
1034 4006 1145 4060 adtol:
1163 4007 1241 4057 nimis
1259 4004 1289 4055 bt

149 4072 210 4195 1501d
222 4077 367 4195 mpptisque
385 4078 414 4128 et
501 4077 551 4130 156
576 4086 604 4130 at
622 4077 727 4130 Latuit
815 4075 867 4128 160
889 4094 946 4129 esse
963 4080 1004 4128 ias
1021 4078 1097 4128 oredo
1115 4076 1154 4139 br,
1173 4078 1213 4126 fas
1231 4089 1287 4125 esse

150 4159 166 4194 c
211 4161 226 4196 ο

235 4296 285 4350 13Ί
303 4302 339 4367 cf.
347 4299 428 4366 prim.
439 4302 494 4351 277.
564 4295 616 4351 138
633 4301 668 4366 cf.
680 4298 977 4364 Mar.407,prim.278.
1051 4296 1102 4350 143
1114 4300 1149 4364 cs.
1160 4315 1186 4364 p.
1200 4302 1288 4360 1024.

150 4362 201 4418 ree
219 4369 253 4435 cs.
267 4369 348 4433 pam.
361 4370 421 4421 rso.
