2970 4890
590 336 806 405 naum.

256 510 470 592 Incredulam,
492 511 602 596 plures
624 510 742 596 raptim
765 515 909 574 stravere
932 507 1088 593 falanges.

257 597 335 662 Sola
357 597 416 662 sed
437 599 577 662 inmunis
600 597 708 661 stabat
728 597 785 682 pia
806 597 898 681 virgo
921 595 1045 674 caloris,

258 684 349 748 Inter
369 685 570 748 flammarum
594 684 697 748 crines
718 681 834 748 ludens
857 683 1063 767 crepitantes,

256 770 433 856 Oravitque
456 769 553 835 deum
575 771 677 834 versis
699 768 742 834 ad
764 769 881 855 sydera
901 769 1028 854 palmis,

255 857 329 922 Hoc
350 863 444 921 utens
465 858 500 921 in
522 857 628 921 fronte
650 857 756 941 precis
777 855 994 920 modulamine
1017 854 1135 919 laudis:

255 942 483 1029 ‘Omniparens
505 944 596 1008 verbi
618 943 746 1028 genitor
767 941 944 1027 mundique
969 947 1105 1021 creator,

257 1029 329 1109 Qui,
353 1050 424 1094 cum
448 1029 566 1094 dilecto
589 1049 729 1114 regnans
751 1035 838 1093 retro
861 1035 1010 1113 tempora
1031 1034 1107 1092 nato

253 1116 434 1180 Amborum
458 1136 500 1181 ue
523 1121 696 1180 coaeterno
719 1135 792 1180 cum
814 1116 942 1179 flamine
966 1134 1068 1196 sacro,

254 1201 362 1288 Digne
384 1137 527 1267 laudaris
549 1202 663 1267 coleris
685 1202 850 1266 veneraris
872 1201 999 1280 amaris,

256 1288 304 1353 Te
327 1290 430 1360 solum
453 1287 561 1369 laudo,
585 1294 618 1353 te
640 1287 803 1352 laudando
826 1286 996 1369 benedico,

255 1375 299 1439 Et
321 1375 380 1440 tibi
403 1375 520 1440 devote
544 1382 654 1460 grates
675 1375 825 1459 persolvo
847 1393 1018 1459 perennes,

255 1461 410 1526 Eiusdem
434 1463 509 1546 quia
532 1462 614 1526 fulta
636 1462 683 1525 tui
705 1461 879 1525 munimine
902 1460 979 1540 nati,

256 1547 439 1634 Numquam
463 1549 621 1613 subcubui
644 1548 803 1633 serpentis
825 1546 938 1610 fraude
961 1545 1090 1625 uetusti,

255 1633 398 1721 Corpore
421 1634 479 1698 aed
502 1642 601 1716 casto,
624 1655 704 1719 puro
728 1633 897 1718 cordisque
920 1638 1055 1711 secreto,

255 1719 368 1785 Carnis
389 1722 558 1807 spurcitias
580 1721 770 1807 pertransivi
792 1720 877 1785 bene
901 1725 1041 1799 cunctas,

255 1806 384 1872 Poenas
407 1808 557 1894 sacrilegi
578 1809 700 1894 pariter
722 1805 904 1892 superando
927 1805 1065 1890 tyranni.

255 1892 350 1975 Hinc,
374 1894 519 1979 gaudens
541 1896 574 1959 in
597 1901 629 1958 te
651 1893 784 1958 nimium
807 1913 905 1978 super
926 1892 988 1956 hac
1000 1891 1143 2042 (pietate,

253 1980 308 2044 Ad
331 1987 364 2044 te
387 2002 471 2045 nunc
494 1982 608 2045 animis
630 1981 747 2044 festino
770 1981 881 2044 venire
903 1979 997 2043 iocun
1023 1979 1058 2059 ἐ,

255 2065 380 2152 Optans
401 2068 471 2131 iura
493 2068 560 2152 pati
582 2067 694 2130 mortis
718 2067 875 2152 citiusque
897 2066 1025 2147 resolvi,

256 2151 327 2226 Quo
350 2174 478 2218 merear
500 2173 576 2218 vere
602 2153 813 2239 contemplari
835 2154 903 2216 sine
926 2152 991 2216 fine

255 2238 313 2322 Te,
338 2260 432 2325 quem
457 2240 611 2325 quaesivi,
635 2259 732 2325 quem
754 2240 859 2303 solum
882 2258 1011 2324 semper
1033 2236 1154 2312 amavi3

256 2326 305 2391 Tu
328 2328 470 2391 clemens
492 2328 633 2390 animam
655 2346 714 2411 pro
737 2332 770 2390 ta
794 2324 835 2389 de
859 2344 993 2412 corpore
1015 2325 1141 2409 pulsam

256 2413 346 2476 lntra
369 2414 507 2477 claustra
528 2413 575 2476 tui
599 2412 770 2497 dignanter
791 2413 917 2497 suscipe
939 2411 1041 2496 regni,

255 2500 326 2574 Quo
349 2505 393 2579 tu,
415 2500 485 2563 iure
508 2505 563 2563 tuo
586 2499 713 2585 pollens
735 2498 795 2562 sub
818 2498 946 2562 nomine
968 2498 1061 2576 trino,

254 2586 329 2649 Rex
350 2606 432 2649 unus
454 2585 623 2649 machinae
646 2605 753 2649 rerum
775 2605 836 2670 per
858 2584 987 2647 saecula
1009 2585 1113 2650 trinae

253 2673 339 2752 Istec
361 2678 475 2736 cuncta
496 2673 583 2758 regis
605 2679 732 2758 sceptro
756 2691 900 2735 summae
924 2669 1075 2734 deitatis?

256 2758 385 2823 Scilicet
408 2760 527 2822 orantis
549 2758 699 2844 precibus
720 2760 785 2822 iam
808 2758 868 2821 rite
891 2757 1040 2841 peractis,

254 2844 387 2931 Ignibus
410 2845 561 2909 extinctis
583 2846 718 2909 moritur
739 2844 844 2908 subito
867 2863 964 2928 rogus
987 2843 1104 2918 omnis;

254 2930 297 2995 Et
319 2932 397 2995 cinis
418 2932 499 3017 ipse,
523 2932 587 2995 suis
610 2930 875 3017 confrigescendo
898 2929 1025 3010 favillis,

255 3016 307 3082 Sic
331 3037 449 3104 expers
471 3019 574 3082 omnis
597 3018 700 3083 factus
722 3018 783 3082 luit
803 3018 903 3082 immo
927 3015 1051 3095 caloris,

254 3103 299 3168 Ut
320 3125 380 3169 nec
402 3105 571 3169 scintillam
594 3106 654 3169 sibi
675 3113 750 3190 post
772 3102 950 3168 servaverit
971 3103 1079 3166 ullam.

296 3189 369 3255 Hoc
391 3191 489 3275 igitur
511 3192 603 3276 signo
626 3192 690 3256 iam
712 3193 910 3256 clarescente
932 3187 1091 3274 stupendo

255 3274 382 3348 Quanto
406 3297 450 3344 se
464 3279 565 3341 virtus
588 3277 706 3342 Christi
728 3278 800 3363 plus
825 3276 949 3361 detegit
970 3275 1050 3357 orbi,

254 3362 358 3427 Tanto
381 3364 511 3428 maioris
533 3364 656 3429 rabiem
680 3363 830 3450 spirando
854 3363 970 3427 furoris

256 3449 396 3514 iniustus
418 3449 518 3514 iudex
540 3452 646 3514 animo
669 3451 828 3514 cruciatur
849 3469 971 3531 amaro,

253 3535 324 3601 Nec
345 3538 465 3622 patitur
488 3557 611 3601 sacram
633 3538 811 3622 posthaec
833 3555 1002 3622 superesse
1025 3533 1178 3620 puellam,

231 3739 282 3794 368
295 3725 632 3810 fallngonsM;falangasp
692 3741 742 3795 371
755 3743 875 3805 orauitu·
888 3742 1093 3824 Menelaon.)
1154 3739 1279 3810 372prce·

142 3832 187 3880 ces
214 3828 265 3892 M1,
299 3845 393 3895 praeces
420 3829 479 3887 M²‚·
508 3845 629 3896 praecens
653 3845 673 3894 p
792 3827 844 3881 379
869 3833 975 3884 numine
1002 3828 1046 3889 M‚·
1078 3829 1112 3897 cf.
1142 3837 1202 3896 past
1227 3830 1279 3881 386

141 3896 312 4034 aegest}
325 3898 357 3948 Μ
433 3896 1074 3969 393Iste(sic)d1:correai;cs.iad.9ramm.
1149 3895 1201 3950 396
1218 3913 1278 3950 eon·

230 4120 283 4174 368
301 4125 335 4189 cf.
354 4124 428 4174 Alco.
447 4140 467 4175 c.
481 4129 503 4185 1,
513 4126 565 4174 257
581 4120 623 4185 (P.
635 4122 662 4174 0.
680 4131 738 4175 tom,
751 4124 771 4175 Ι
779 4140 809 4190 p.
823 4124 880 4189 175)
901 4125 971 4176 haud
989 4140 1063 4177 secus
1079 4123 1215 4177 oswaldus
1231 4137 1278 4173 rex

142 4194 238 4244 suasit
250 4193 346 4258 ubique
359 4193 509 4260 phalanges.
578 4189 628 4243 336
647 4193 680 4259 cs.
699 4192 776 4245 Paul.
795 4194 832 4245 cd
848 4193 917 4245 Phil.
929 4199 952 4258 1,
961 4195 993 4244 23
1009 4194 1161 4244 desiderium
1179 4189 1278 4242 habens

143 4262 250 4314 dnsolvi
268 4271 294 4313 at
311 4280 366 4313 esse
382 4279 441 4313 cum
459 4260 568 4312 Christo.
668 4259 720 4313 388
738 4264 772 4330 cf.
785 4264 865 4329 prim.
875 4265 933 4315 360.
1037 4259 1088 4313 392
1106 4258 1141 4325 ef.
1163 4259 1276 4325 (imago.

142 4329 195 4384 403
214 4332 248 4398 cf.
266 4330 344 4384 Delo,
357 4337 388 4383 14
405 4332 457 4394 §2
