2970 4890
590 366 764 436 roveraso.
1225 374 1243 428 a

106 557 182 604 nere
215 539 369 626 apposui,
468 559 510 603 ue
542 537 655 605 crediti
748 540 906 604 talentum
934 541 1091 627 ingenioli
1182 544 1241 609 sub

107 625 244 691 obseuro
338 632 471 712 torpens
486 626 625 712 pectoris
644 625 761 711 (antro)
848 626 996 712 rubigine
1011 629 1241 716 neglegentiae

108 712 389 793 exterminaretur,
476 711 535 777 sed
557 712 691 778 sedulae
713 713 832 778 malleo
849 713 1029 779 devotionis
1052 736 1240 802 percussum

190 798 427 885 aliquantulum
460 797 586 863 divinae
613 798 808 864 laudationis
835 799 972 865 referret
993 802 1153 885 tinnitum,

109 906 188 973 quo,
210 885 239 950 si
262 886 389 950 oooasio
412 904 477 950 nou
499 884 631 950 daretur
652 884 850 971 negotiando
873 886 961 951 aliud
984 888 1110 970 luerari,
1133 890 1239 976 ipsum
1279 912 1291 950 s

109 980 216 1038 umen
237 971 271 1037 in
294 970 425 1058 aliquod
448 972 554 1036 saltim
585 979 753 1037 extremae
780 973 927 1037 utilitatis
956 975 1239 1042 transformaretur

76 1053 362 1124 lustramentum.
449 1056 546 1123 Unde
563 1060 755 1145 quicumque
772 1060 883 1136 leotor,
907 1060 932 1125 si
955 1066 1043 1126 reete
1067 1068 1101 1126 et
1123 1084 1237 1129 seoun-

108 1144 179 1211 dum
195 1144 296 1210 deum
311 1146 429 1233 sapias,
444 1145 554 1231 agenti
569 1146 720 1232 paginae,
810 1166 894 1232 quae
911 1148 1027 1212 nullius
1044 1156 1237 1236 praecepto-

109 1234 148 1298 ris
169 1232 313 1298 munitur
335 1232 537 1311 auctoritate,
625 1253 721 1319 opem
749 1238 825 1297 tuae
849 1233 1049 1299 reatitudinis
1070 1256 1112 1300 ne
1135 1237 1237 1323 pigri·
1254 1241 1353 1306 form

108 1319 180 1385 teris
201 1317 370 1401 adhibere,
459 1317 520 1383 deo
544 1318 706 1401 videlieet,
728 1318 755 1382 si
778 1319 855 1405 quid
870 1319 954 1385 forte
977 1320 1133 1408 probetur
1147 1329 1236 1388 reete
1265 1350 1290 1391 ιο

110 1406 332 1493 compositum,
418 1425 577 1493 meaeque
592 1406 823 1492 neglegentiae
840 1404 910 1472 desi
955 1407 1040 1472 ando
1055 1410 1237 1475 universale

110 1492 265 1575 vitiorum,
354 1512 416 1557 neo
430 1498 541 1557 tamen
555 1491 780 1579 vituperando,
868 1514 903 1558 se
941 1491 1151 1581 indulgendo,

109 1579 178 1666 quia
197 1579 248 1644 ris
274 1579 435 1664 frangitur
461 1578 702 1665 obiurgationis,
796 1580 852 1645 ubi
878 1581 1053 1648 intervenit
1073 1582 1238 1648 humilitas

108 1665 323 1732 ooniesdouis.

185 1925 295 1981 dentre
311 1927 406 1979 addidi
425 1927 484 1979 toll.
503 1927 558 1980 Pal.
570 1931 591 1991 7,
608 1943 661 1979 aaa.
671 1930 704 1979 32
716 1925 763 1993 (as.
777 1945 871 1995 appar.
888 1930 925 1980 od
943 1931 1023 1996 amq.
1038 1930 1111 1995 373),·
1129 1932 1235 1983 clematio

106 1996 286 2051 maana
302 1994 443 2065 (pagabam.
460 1999 488 2063 6)
559 1998 622 2063 sort.
640 1997 761 2064 rubigine
777 1995 781 2063 Ι
796 2000 1010 2052 exterminaretur
1030 2000 1209 2068 neglegentiae
1230 1997 1233 2065 l

106 2064 137 2118 lb
208 2065 249 2132 Μ,
266 2066 337 2119 made
353 2067 394 2118 ris
411 2066 516 2132 arripe:
533 2066 574 2117 ins
590 2083 648 2133 ομ·
665 2066 711 2118 aad
727 2066 768 2116 im
786 2068 892 2133 tollite,
909 2069 947 2120 vir
963 2067 1098 2136 [κηρίων

183 2304 202 2359 5
229 2306 385 2374 negotiando
412 2307 484 2359 aliud
512 2307 623 2359 luorari:
656 2309 691 2373 es.
721 2307 826 2373 Koepke
848 2326 878 2375 p.
896 2314 943 2363 168
964 2309 1111 2377 (aaronque
1132 2312 1236 2363 samm

104 2375 192 2429 dudm
209 2375 305 2428 Mara
318 2379 404 2441 25,14
422 2393 474 2442 sqq.
492 2384 518 2428 et
534 2376 597 2428 Lao.
611 2380 691 2440 19,12
707 2377 780 2443 epp).
