2970 4890
653 357 922 412 1120&
1307 361 1359 416 1ss

97 531 201 620 Im]
222 539 619 784 dlndrr'glnlndlcnim
641 548 1031 702 severinlt'exffi
1059 531 1358 703 &animm

221 727 537 855 mmmmm
582 789 668 852 Lm
689 791 760 853 eius
782 788 911 852 divinae
932 790 1057 873 pietati

159 875 200 937 20
307 876 501 960 (insumus.)
547 873 627 947 Quis
649 875 788 939 auderet
810 875 955 941 medere.
976 942 978 947 ,
1001 877 1113 960 quiere
1136 885 1359 975 praesumeret
1387 892 1401 930 ³

222 983 366 1050 sperare,
379 964 383 1041 Ι
396 969 434 1024 ut
454 961 554 1039 hune,
576 982 675 1046 quem
698 963 877 1025 criminosis
908 964 1068 1025 intentum
1083 963 1168 1024 vitias
1201 982 1287 1025 mors
1308 963 1358 1028 in·

222 1050 311 1114 renit
326 1050 331 1133 Ι
348 1056 383 1112 et
397 1048 564 1110 inventum
578 1047 723 1115 abstulit.
743 1055 748 1125 Ι
768 1049 814 1110 tui
829 1049 993 1112 miseratio
1008 1047 1052 1110 ad
1066 1050 1167 1111 vitam
1182 1049 1339 1129 excitare,
1351 1050 1357 1129 Ι

220 1136 414 1199 adveniam
440 1132 631 1218 dignaretur
657 1140 830 1219 reparare?
849 1138 854 1214 Ι
875 1134 925 1196 Sit
950 1155 1069 1197 nomen
1096 1150 1187 1197 tuum
1213 1143 1360 1200 sanetum

219 1220 429 1288 benedictum
450 1220 485 1283 in
505 1221 649 1295 σιωπὴ,
667 1221 673 1300 Ι
692 1223 747 1305 qui
768 1221 856 1283 eolus
878 1220 958 1282 iacis
973 1219 1134 1304 stupenda
1155 1219 1330 1285 mirabilia!
1352 1223 1358 1304 Ι

157 1312 194 1373 tt
303 1307 537 1373 mononem.
581 1305 654 1385 Eis,
677 1318 789 1370 sancte
804 1306 975 1375 lohannes
995 1312 999 1383 Ι
1020 1322 1054 1369 et
1069 1327 1122 1370 me
1137 1308 1297 1372 consolari
1316 1328 1359 1373 ue
1378 1320 1404 1360 ¹·

221 1392 346 1467 tardea;
365 1396 371 1474 Ι
390 1412 466 1455 nam
482 1393 662 1476 coniugalis
684 1413 775 1455 amor
788 1391 970 1455 Drusianw
990 1402 995 1467 Ι
1014 1413 1121 1456 meam
1137 1392 1218 1457 haut
1239 1395 1361 1480 patitur

222 1486 364 1545 mentem
388 1480 576 1560 consistere,
595 1485 601 1562 Ι
621 1479 681 1542 nisi
710 1488 744 1542 et
765 1481 868 1562 ipsam
892 1480 1082 1563 quantocius
1101 1479 1230 1544 rideam
1253 1501 1359 1546 resur

222 1573 347 1631 rectum
368 1567 425 1629 ire.
446 1568 452 1643 Ι

306 1651 472 1716 Ioumnus.
505 1650 678 1730 Drusiana,
693 1649 865 1712 resuscitet
880 1656 914 1712 te
931 1647 1078 1713 dominus
1094 1650 1187 1715 lesus
1203 1650 1359 1719 cuneus

307 1736 480 1803 Drusiana,
522 1736 611 1800 Laus
639 1745 673 1800 et
701 1735 805 1799 honor
827 1734 896 1814 tibi,
919 1734 1057 1813 Christe,
1077 1746 1082 1810 Ι
1102 1739 1157 1821 qui
1178 1759 1232 1802 me
1254 1739 1361 1803 iecisti
1379 1758 1403 1800 a

222 1823 426 1888 reviviscere.
446 1825 452 1903 Ι

311 1909 518 1974 eumenus.
563 1906 735 1992 sospitatis
757 1908 881 1971 auctori
901 1915 1021 1991 grates,
1045 1908 1099 1992 qui
1122 1915 1166 1986 te,
1188 1929 1264 1973 mea
1280 1909 1361 1975 Dm·

224 1997 324 2076 mana,
346 1998 541 2079 {resurgere
565 1992 655 2057 dedit
677 1996 710 2057 in
725 1994 860 2074 laetitia,
880 1995 886 2073 Ι
906 2013 990 2077 quae
1005 1995 1097 2078 gravi
1120 2015 1192 2058 cum
1211 1997 1360 2080 tristitia!

226 2081 456 2166 defungebaris
479 2087 637 2144 extrema.
657 2084 663 2160 Ι

158 2164 200 2226 tt
308 2166 479 2233 Duusmus
523 2166 630 2229 Decet
658 2167 704 2229 tui
731 2166 951 2244 sanctitatem,
979 2162 1164 2229 venerande
1191 2173 1286 2250 pater
1308 2166 1361 2234 Io·
1380 2189 1406 2231 ro

223 2254 366 2335 hunnos,
388 2260 437 2332 ut,
460 2254 652 2317 resuscitato
677 2251 878 2333 Calimacho‚
906 2252 961 2336 qui
983 2271 1036 2315 me
1059 2252 1178 2316 inlicite
1201 2254 1331 2334 amavit,
1356 2254 1361 2338 Ι

225 2347 260 2406 et
280 2341 367 2404 hunc
389 2340 571 2404 resuscites.
596 2340 651 2423 qui
672 2340 737 2401 mei
760 2338 906 2423 proditor
928 2338 1047 2402 funeris
1071 2339 1213 2418 extitit!

313 2426 518 2491 canimenos.
566 2423 617 2487 Ne
640 2424 773 2508 dignum
797 2424 910 2505 ducas,
934 2422 1053 2487 Christi
1076 2426 1363 2509 apostole,1huno

97 2539 142 2590 m.
152 2525 210 2574 207.
227 2511 438 2599 proditorem,
452 2512 455 2594 Ι
469 2511 554 2574 hunc
569 2511 813 2574 malefactorem
832 2518 834 2589 j
853 2510 1020 2574 avinculis
1036 2512 1147 2574 mortis
1162 2511 1342 2593 absolvere,
1356 2512 1360 2598 Ι
1379 2530 1428 2598 sot.
1461 2547 1485 2579 υ

227 2601 283 2684 qui
304 2618 358 2662 me
381 2596 519 2682 decepit,
538 2598 543 2678 Ι
563 2617 616 2660 me
632 2596 762 2660 seduxit
782 2601 786 2676 Ι
806 2616 924 2681 meque
947 2594 989 2659 ad
1005 2595 1191 2661 audendum
1208 2598 1360 2663 horribile
1379 2621 1404 2662 a

226 2686 350 2749 facinus
372 2683 569 2769 provocarit.
590 2687 595 2761 Ι

311 2770 475 2834 Iounuuns.
530 2768 604 2831 Non
639 2767 741 2832 debes
777 2768 821 2831 illi
850 2766 995 2832 invidere
1029 2771 1033 2850 Ι
1063 2769 1201 2851 gratiam
1237 2767 1363 2834 divinae

227 2856 454 2935 clementiae!

315 2940 521 3004 Oruruacnue.
570 2937 644 3002 Non
672 2946 721 3003 est
748 2941 833 3004 enim
865 2937 980 3024 dignus
1009 2940 1255 3019 resurrectione,
1279 2943 1284 3021 Ι
1309 2938 1364 3026 qui

227 3034 340 3092 auctor
363 3027 470 3090 extitit
492 3025 665 3112 perditioni
687 3026 849 3107 alienae}
1383 3052 1409 3095 tc

164 3120 203 3182 23
313 3113 477 3177 Iounuuee.
524 3111 597 3175 Lex
620 3119 749 3176 nostrae
765 3113 930 3197 religionis
947 3110 1052 3192 docet,
1074 3118 1110 3175 ut
1130 3111 1226 3175 homo
1242 3110 1365 3179 homiui

230 3199 544 3284 dimitat‚1siipse
568 3221 588 3262 e
611 3196 673 3262 deo
698 3198 814 3263 dimitti
837 3200 968 3263 ambiat.
989 3198 994 3281 Ι

314 3285 546 3350 Aunnoumuus.
592 3284 725 3348 lustum.

315 3372 480 3436 Ionsuuns.
527 3370 663 3444 Quando
692 3371 789 3434 etiam
818 3370 870 3434 dei
899 3370 1082 3454 unigenitus
1102 3376 1107 3452 Ι
1128 3369 1279 3456 idemque
1302 3371 1365 3437 vir·

230 3458 312 3542 ginis
341 3456 585 3543 primogenitus,
606 3462 610 3534 Ι
631 3458 685 3542 qui
714 3458 801 3521 solus
830 3458 998 3536 innocens,
1027 3458 1114 3522 solus
1143 3458 1366 3538 inmaculatus,
1384 3479 1409 3521 u

116 3597 123 3612 .
231 3544 317 3608 solus
346 3544 415 3627 sine
443 3544 568 3607 veterni
594 3543 689 3607 sorde
721 3543 829 3606 delicti
856 3544 888 3606 in
916 3541 1070 3606 mundum
1100 3545 1198 3623 venit,
1224 3551 1229 3625 Ι
1254 3564 1367 3609 omnes

231 3630 289 3695 sub
312 3630 403 3714 gravi
426 3649 525 3693 onere
547 3630 673 3715 peccati
696 3628 867 3715 depressos
890 3629 1019 3693 invenit.
1040 3631 1044 3711 Ι

315 3715 547 3780 Auoaourcuus.
592 3715 724 3779 Verum.

170 3805 207 3865 24
314 3801 478 3865 Ionluues.
516 3800 592 3881 sed,
611 3803 688 3867 lieet
703 3803 826 3867 nullum
841 3802 969 3882 iustum,
987 3799 991 3886 Ι
1009 3803 1131 3867 nullum
1147 3799 1367 3865 misericordia

318 3956 485 4008 blomans
502 3958 666 4010 <isidorius
757 3957 1024 4024 morereretur
1108 3956 1140 4008 19
1158 3959 1198 4009 die
1217 3957 1368 4023 lungeberlt

234 4032 347 4077 extrema
358 4026 403 4075 Μ’
414 4025 459 4089 (m.
472 4027 570 4092 codd),
580 4028 625 4093 p²,·
638 4029 678 4079 dei
691 4031 708 4080 f.
721 4045 743 4079 e.
752 4027 786 4093 p¹
842 4022 1069 4078 discursatorem
1083 4026 1115 4076 Μ
1117 4025 1124 4057 ¹
1178 4024 1211 4077 34
1226 4026 1325 4090 uirgnla
1338 4023 1372 4075 M

235 4092 268 4145 36
284 4096 357 4147 sorde
375 4096 425 4146 fuit
441 4096 465 4145 d.
485 4095 528 4145 Μι
546 4095 636 4160 (minio
655 4097 727 4162 del),
739 4096 773 4161 p¹
860 4093 894 4146 89
913 4096 962 4146 Sed
979 4095 1040 4146 licet
1056 4096 1091 4147 ric
1110 4094 1143 4144 Μ
1203 4092 1317 4146 mlrcrdr
1330 4092 1366 4151 M,

235 4164 441 4228 misericordiip

320 4281 354 4334 32
371 4285 406 4349 cf.
425 4284 518 4336 Matilo.
533 4289 597 4348 6,12
614 4293 640 4337 et
658 4286 756 4337 dimitte
774 4285 848 4334 nobie
866 4283 952 4334 debita
970 4290 1057 4333 neutra
1075 4282 1142 4333 sicut
1159 4289 1185 4333 et
1202 4298 1248 4333 uos
1266 4280 1369 4332 dimitti-

237 4367 293 4403 mus
309 4353 467 4404 debitoribus
484 4355 585 4405 nostris.
621 4351 655 4405 36
673 4355 707 4419 cf.
726 4353 853 4404 Decet.
