2970 4890
215 298 276 349 VIII
575 297 835 353 HROTSVITHAE
853 298 983 354 OPERA.

285 471 352 537 cpit,
377 487 435 522 cum
457 470 556 537 salsum
577 489 670 524 nomen
691 488 722 523 ec
743 471 857 524 Duldsio
875 475 993 538 poetriae
1020 473 1171 524 obserseusr.
1216 471 1349 524 Memoria

285 540 390 607 dipruim
407 548 443 591 est
458 542 619 606 peccantium
640 542 828 593 concessionem
849 551 940 608 quater
961 544 994 594 ab
1016 542 1169 593 Hrotsaitha
1192 542 1349 593 celebratam

284 625 344 674 csse,
367 608 505 675 Theophili
521 613 545 660 et
561 611 628 662 esrai
644 611 808 673 sarasinibus,
825 611 930 663 Mariae
946 621 970 663 et
993 612 1102 662 ivaids·
1120 612 1255 662 dramatis

229 676 264 743 ¹¹)
282 678 445 730 Prooemium
462 679 531 743 qaod
546 680 646 730 ridetur
665 680 733 745 Apn.
750 698 773 731 a.
787 685 877 731 1-24
901 699 954 732 non
972 681 1139 732 Hrotsoithae
1155 689 1204 742 est,
1228 680 1273 731 scd
1290 680 1348 731 Pe.-

283 746 429 810 Ambrosii,
446 749 517 798 cuius
534 765 565 799 ea
583 766 723 800 sermonem
741 751 854 801 camnine
871 751 984 816 seqaitser
1001 749 1086 814 (Aa.
1105 750 1165 800 Iam
1179 748 1217 799 II
1230 767 1261 815 p.
1275 750 1349 814 351),·

284 833 438 882 quamquam
456 817 532 867 etiam
548 817 612 868 Bas.
630 836 652 868 o.
666 822 748 869 7-16
765 819 788 869 si
804 837 861 870 cum
878 821 1007 885 sepienda
1024 819 1119 870 codicis
1132 817 1350 884 Cantabripiemsis

284 886 433 948 cammaris,
451 887 523 936 cuius
539 887 607 938 idem
624 896 659 938 est
676 888 810 938 wordiam
827 886 873 955 (cf.
888 906 918 954 p.
931 888 1026 954 XVD,
1043 889 1123 955 facile
1140 888 1268 954 suspicari
1284 889 1350 952 licet,

285 955 352 1006 serui
372 971 390 1004 a
407 972 427 1005 s.
439 953 540 1006 Basilio
558 958 672 1007 conrasi
688 955 820 1007 historiam
837 975 869 1010 ec
886 958 1060 1023 Amphilochii
1076 958 1116 1008 ael
1138 957 1198 1007 Ursi
1215 974 1291 1022 opere
1307 974 1349 1008 ce-

285 1032 398 1088 captam
415 1031 440 1074 st
451 1026 583 1088 prooemio
600 1027 752 1076 instmctam
773 1028 894 1078 cetitiam
915 1038 942 1078 at
959 1029 986 1078 in
1004 1027 1067 1078 Bas.
1082 1028 1215 1090 prooemio
1233 1026 1351 1078 Hrotsoit

283 1091 342 1156 ipsa
359 1093 400 1143 sui
416 1095 528 1144 numinis
544 1100 666 1160 a.10sq.,
682 1095 751 1160 quod
770 1113 823 1146 non
840 1098 902 1164 fecit
918 1098 947 1148 in
964 1097 1032 1162 squ
1050 1114 1074 1147 a.
1086 1099 1177 1147 1-24.

231 1158 264 1226 ¹⁸)
286 1161 339 1292 {zu
345 1178 375 1227 p.
388 1164 466 1226 232.-
492 1173 522 1214 ut
547 1164 742 1230 imperialem
765 1166 871 1217 docebat
894 1175 1008 1233 neptam
1034 1168 1069 1233 cf.
1096 1164 1249 1231 Koepkell
1266 1180 1296 1229 p.
1307 1166 1349 1215 38.

333 1231 339 1243 '
368 1231 437 1296 quod
466 1231 537 1282 Mar.
563 1253 586 1284 c.
604 1236 695 1285 1—12
721 1243 781 1299 post
808 1253 833 1285 a.
853 1239 904 1286 962
929 1237 1036 1300 scriptos
1062 1252 1114 1287 esse
1139 1234 1252 1298 aspasii,
1280 1232 1350 1298 quod

288 1300 401 1366 Oerherp
431 1302 555 1367 rogalia
585 1303 669 1368 proles
700 1304 798 1369 stirpis,
831 1305 949 1368 illustris,
976 1305 1132 1355 dominatrix
1161 1303 1242 1364 alma,
1269 1318 1350 1367 neque

285 1386 344 1420 aero
362 1370 499 1436 imperialis
522 1380 567 1421 aut
588 1372 719 1423 abbatissa
742 1373 881 1436 diceretur,
901 1375 933 1425 de
956 1375 1085 1425 abbatim
1107 1389 1189 1436 supra
1212 1373 1275 1422 satis
1298 1372 1350 1422 dio·

287 1446 339 1488 tum
361 1447 398 1490 est
414 1439 534 1503 adn.13,·
560 1441 700 1506 imperialis
723 1451 806 1493 autem
830 1444 935 1509 proles
954 1444 1067 1510 Gerhsrp
1089 1460 1121 1493 ne
1140 1450 1230 1506 postea
1248 1441 1351 1507 quidem

287 1507 339 1558 dici
355 1509 454 1571 potuit,
481 1510 553 1559 atius
575 1526 655 1575 neque
668 1518 747 1576 pater
764 1528 843 1577 nepte
861 1530 924 1563 acus
941 1513 1108 1576 imperatores
1124 1513 1248 1579 fuerant,
1273 1518 1298 1561 ct
1320 1509 1351 1560 iss

286 1576 375 1628 cadem
390 1579 553 1642 praefatione
570 1580 713 1643 imperialis
733 1583 815 1645 neptis
837 1578 918 1648 ‘repia
936 1578 1045 1633 indoles'
1066 1581 1192 1631 laudatur
1213 1578 1250 1644 (p.
1264 1578 1348 1644 231).

189 1660 191 1666 ’
288 1644 330 1696 Ea
347 1646 447 1712 Pelapii
464 1647 586 1710 historia,
611 1666 689 1713 quam
706 1651 827 1716 martyrii
843 1653 910 1702 testis
927 1653 950 1702 ei
967 1652 1100 1715 narrauit,
1126 1650 1158 1700 de
1181 1658 1264 1700 aetate
1284 1648 1352 1699 milcil

287 1716 446 1780 consequitur
464 1713 510 1783 (es.
528 1715 633 1782 Kceplce
644 1717 683 1767 ΙΙ
692 1734 720 1781 p.
736 1720 782 1783 77).

233 1779 268 1847 ²¹)
286 1783 416 1834 Dulcitisu
432 1794 497 1836 certe
515 1794 574 1836 ante
592 1785 751 1852 Sapientiam
769 1789 866 1854 scripta
883 1798 931 1853 est,
956 1787 1093 1839 Abraham
1118 1795 1177 1838 ante
1195 1786 1351 1853 Pafmtiium

287 1852 335 1920 (εἴ.
353 1853 472 1919 adn.16‚·
490 1853 594 1920 Koeplec
606 1855 682 1920 Hp.
696 1856 752 1920 40).

235 1917 270 1985 ²⁰)
289 1922 412 1987 Episcopi
431 1923 474 1973 aia
496 1922 617 1985 fuerunt:
641 1942 749 1990 quorum
771 1924 803 1974 de
829 1925 929 1990 assecta
953 1922 1093 1994 ‘fraterno’
1117 1923 1239 1976 monialis
1267 1922 1352 1973 dicere

288 1992 457 2043 dubitavisset.
488 1994 633 2059 Gerherpae
650 1995 801 2060 nsaqistrum
818 1995 946 2059 quasdam
963 1996 1116 2046 monachum
1133 2012 1154 2045 s.
1167 1992 1353 2044 Ilmmerammi

288 2059 482 2126 Rotisponsasis
498 2064 527 2112 in
544 2060 631 2113 ‘trium
649 2060 757 2114 testium’
774 2061 821 2126 (cf.
834 2080 864 2128 p.
875 2065 963 2129 108,1)
982 2082 1089 2116 numera
1100 2065 1181 2131 fuisse
1193 2061 1351 2113 coniecerim.

236 2124 270 2191 ²¹)
291 2129 332 2197 Os.
351 2131 460 2181 circulos
478 2132 536 2182 huic
548 2133 665 2196 primum
683 2133 788 2183 editioni
800 2133 927 2197 adpictcs:
944 2150 1099 2199 quamquam
1116 2150 1170 2184 non
1181 2132 1272 2196 uhiqm
1289 2138 1353 2194 apta

288 2207 325 2251 est
341 2199 390 2250 ilia
407 2217 542 2251 scenarum
560 2201 695 2252 distinctio.
724 2201 848 2251 Eiusdem
865 2202 972 2268 fabulae
989 2205 1061 2253 initio
1074 2203 1228 2267 plerumque
1244 2200 1353 2250 aomina

273 2271 276 2276 '
289 2269 317 2319 in
334 2270 420 2320 codice
431 2271 585 2336 compendiis
597 2272 745 2338 sipnificata
757 2271 812 2333 (Ca
827 2271 1021 2330 Constantinum·
1038 2274 1082 2323 Gr..-
1095 2269 1260 2330 Gallicanae)
1272 2285 1354 2318 manu

289 2339 402 2390 secunda
414 2340 493 2404 plesse
514 2341 622 2405 scripta,
645 2341 736 2390 addita
757 2348 819 2389 nota
836 2340 982 2391 dramatico
1004 2343 1028 2391 d.
1047 2339 1074 2405 (i.
1088 2358 1108 2391 e.
1128 2340 1199 2404 dicit)
1223 2347 1269 2387 aut
1285 2354 1352 2404 resp.

290 2408 318 2470 (i.
335 2425 356 2458 e.
383 2409 543 2475 respondet).·
573 2426 638 2473 quae
670 2410 748 2460 cerba
780 2409 808 2458 in
830 2409 957 2460 dramatis
979 2428 1044 2462 saec.
1064 2408 1128 2460 ΧΠ
1144 2411 1352 2476 frequentantia.

296 2477 388 2528 Verum
407 2493 436 2541 p.
448 2483 497 2529 164
519 2496 541 2528 u.
553 2481 585 2529 23
602 2487 626 2529 et
642 2497 665 2529 n.
679 2482 714 2528 32
725 2478 816 2542 prima
837 2496 917 2529 manu
938 2480 1023 2530 littera
1040 2481 1057 2530 d
1074 2479 1208 2543 adscripta
1227 2485 1264 2528 est
1281 2472 1353 2540 (DQ

291 2546 355 2597 disci
372 2546 446 2602 ulii).

236 2615 268 2679 ¹¹)
290 2614 331 2746 pf.
344 2563 374 2681 pi.
386 2615 443 2679 1V;
460 2617 584 2666 nscmoria
604 2616 709 2682 dipnum
727 2626 764 2667 est
776 2617 943 2668 Gallicanum
955 2615 1117 2683 potissimum
1129 2615 1284 2678 descripdam
1301 2629 1355 2665 esse

303 2702 337 2735 c.
354 2685 479 2743 adn.21).

236 2752 259 2784 ¹⁸
290 2686 333 2819 Off.
350 2753 453 2819 Koeplce
466 2753 504 2803 11
512 2770 542 2818 p.
556 2758 610 2805 197.

237 2820 260 2852 ¹⁶
291 2822 474 2887 Inscriptiones
492 2823 585 2885 deesse,
600 2819 777 2888 ‘arpumentis'
793 2824 879 2875 titulos
896 2823 1081 2874 Tritlsemianos
1092 2820 1266 2871 commendari
1277 2820 1355 2870 etiam

292 2890 396 2956 Koepte
412 2893 534 2956 opinatur
552 2891 588 2956 (p.
602 2895 662 2954 40).·
680 2894 812 2944 conversio
825 2894 958 2955 Gallicani,
977 2892 1063 2958 passio
1076 2892 1175 2957 Agapis
1187 2890 1311 2942 chi0uiao
1328 2896 1355 2940 st

292 2961 413 3023 Hircoso,
433 2963 594 3012 resuscitatio
607 2962 752 3011 DrusIsnas
765 2970 790 3012 st
801 2962 949 3025 Calimachi,
962 2962 1051 3028 lapsus
1063 2967 1089 3011 st
1101 2960 1233 3010 conversio
1245 2959 1353 3019 Marino,

292 3031 425 3081 conversio
442 3031 547 3081 Thaidis
565 3031 717 3090 nisrotricis,
741 3033 824 3095 passio
847 3041 995 3083 sanctarum
1014 3031 1144 3095 virginum
1161 3029 1234 3079 Fidei
1252 3027 1312 3093 Spei
1329 3034 1356 3078 ot

292 3100 431 3160 lissitstis,·
447 3116 527 3165 neque
544 3100 622 3165 ipitur
639 3100 772 3164 quisquam
786 3109 893 3166 praeter
913 3100 1078 3150 Trithemium
1095 3115 1140 3149 cas
1157 3099 1227 3163 ipsas
1244 3096 1354 3160 inscrip-

292 3169 371 3220 tiones
387 3169 462 3220 nimis
481 3171 605 3220 dilatatas
623 3185 676 3219 esse
694 3170 815 3233 copnovit.

236 3232 270 3300 ¹⁸)
291 3238 332 3301 Os.
346 3255 375 3304 p.
388 3238 408 3288 Ι
413 3237 438 3289 l'.

235 3301 270 3367 ¹⁸)
291 3306 332 3371 Os.
350 3307 412 3358 adn.
423 3310 463 3359 36.

236 3371 272 3440 ⁸¹)
291 3375 331 3427 Dc
349 3376 440 3427 horum
458 3376 641 3426 cenaculorum
659 3378 756 3443 oripine
773 3377 888 3428 sasaim
906 3375 1011 3426 ariolati
1028 3383 1088 3425 sunt
1103 3374 1213 3426 editores
1227 3371 1356 3437 (liuhand,

295 3444 438 3509 Serapeum
456 3463 480 3496 a.
495 3449 563 3508 1867,
581 3463 607 3496 n.
620 3449 650 3501 2:
674 3446 808 3498 Bessdisen
822 3463 851 3512 p.
862 3450 923 3509 150,-
945 3444 1052 3495 Barack
1064 3461 1093 3509 p.
1107 3447 1172 3505 360;
1199 3439 1358 3493 Aschhach¹

289 3531 319 3581 p.
332 3515 390 3579 80:
417 3514 581 3566 Ilrotscithas
599 3532 641 3566 eos
658 3533 710 3568 esse
727 3516 904 3573 crediderunt,
917 3523 1025 3579 praeter
1044 3512 1245 3570 Aschbachium·
1262 3509 1357 3562 ‘lusum

288 3581 444 3648 puellarem'
468 3583 532 3634 utro
556 3583 702 3648 Boudicca,
728 3585 855 3652 epilogum
878 3584 958 3634 multo
978 3583 1071 3634 rectius
1095 3582 1200 3646 Koeplsc
1220 3580 1258 3631 ΙΙ
1271 3598 1302 3646 p.
1317 3583 1356 3642 72,

291 3654 442 3719 resrapatas
459 3661 544 3703 tamen
562 3652 710 3717 Bartschio,
729 3655 773 3720 qai
787 3663 896 3722 propter
912 3653 1043 3703 muham
1061 3651 1263 3716 discrepantiam
1279 3650 1358 3700 uersi·

294 3721 365 3773 aiios
376 3723 409 3773 ab
421 3721 573 3772 Ilrotnitha
583 3725 691 3788 scriptos
703 3724 759 3774 iuss
771 3731 909 3791 nepawat
920 3721 1076 3785 (Germania
1089 3719 1250 3784 fflpsso).
1269 3718 1358 3769 Bodas

295 3807 348 3842 esse
365 3807 409 3857 epo
421 3790 498 3842 docui
513 3788 557 3855 (dc
569 3791 661 3843 Aoierii
672 3793 830 3859 metaphrasi
841 3794 999 3844 Arateomsm
1012 3807 1041 3856 p.
1056 3791 1113 3855 38).·
1131 3796 1271 3840 occurrunt
1282 3789 1358 3838 etiam

293 3861 433 3925 separatim
451 3860 571 3927 descripti
588 3877 677 3927 caspiis
693 3863 806 3914 imitatus
827 3871 865 3914 cst
883 3870 962 3929 pocta
978 3859 1141 3927 epitaphii
1158 3857 1293 3908 adnodant
1310 3855 1357 3923 (cs.

294 3928 440 3997 Mussapia,
463 3929 572 3982 Studien
594 3947 626 3981 su
647 3931 696 3983 den
717 3932 947 3985 mittelalterlichen
963 3927 1194 3995 dlarienlependen
1206 3927 1260 3977 ΙΙΙ
1275 3942 1305 3990 p.
1320 3925 1358 3990 2),

294 4000 363 4064 quod
379 4001 415 4050 ita
433 4000 533 4064 incipit:

380 4071 450 4120 stom
467 4069 544 4134 dedit,
562 4071 661 4132 thms,
680 4070 735 4131 tibi,
753 4080 810 4137 post
827 4078 934 4122 mortem
951 4069 1039 4119 vivers
1056 4067 1151 4130 osmis;

432 4138 525 4189 Visoss
543 4148 686 4191 mactatus
704 4156 771 4190 mors
787 4140 864 4201 dedit,
882 4141 982 4199 smmi,
1000 4136 1055 4187 tibi.

297 4204 434 4271 Smmpari
455 4217 580 4272 siequeunt
597 4208 630 4260 ab
649 4207 813 4260 Hrotssithas
830 4209 942 4260 ursona
959 4208 991 4258 de
1008 4223 1029 4258 s.
1047 4204 1176 4257 iohannis
1192 4204 1300 4265 cisione,
1326 4203 1359 4256 de

296 4274 386 4341 quibus
408 4291 461 4327 non
482 4278 574 4329 restitus
593 4277 773 4330 inaruerunt
792 4275 872 4344 (eins
890 4277 1060 4343 Darstellunp
1084 4274 1132 4326 der
1151 4274 1314 4341 Apocalypse
1330 4276 1360 4325 iss
