2970 4890
586 312 600 367 I
618 314 643 368 6.
662 312 793 367 Basilius.

228 483 273 549 Et
295 486 404 571 placet
426 485 581 548 auxilium
603 483 702 569 lapsis
723 491 892 569 praestare
915 486 1102 572 benignum.

230 571 362 636 Scilicet
385 573 506 635 erranti
527 591 606 634 mox
628 578 777 636 narratur
798 572 936 650 mulieri,

231 656 326 731 Quod
348 677 412 720 non
435 658 611 723 catholicus
635 658 732 722 luerit
754 659 871 723 coniux
893 659 991 723 miser
1013 660 1091 742 eius,

229 743 299 810 Nec
321 745 421 808 limen
443 746 556 829 templi
578 743 677 808 vellet
699 744 785 830 psdo
808 751 944 829 tangere
968 747 1080 828 sancti,

232 830 276 895 Se
299 831 375 916 quia
397 832 555 916 serpentis
577 831 638 895 iuri
660 831 812 896 tradebat
836 832 936 913 avari,

231 916 331 981 Sacra
353 937 477 1002 negans
499 923 609 982 rectae
631 916 717 999 fidei,
740 937 858 981 nomen
882 938 1010 1003 quoque
1034 917 1163 987 Christi.

230 1001 322 1076 Quae
345 1023 380 1067 se
404 1003 583 1088 deceptam.
599 1024 799 1088 cognoscens
822 1023 895 1068 esse
919 1005 1088 1087 misellam,

229 1089 372 1155 Auribus
395 1091 527 1155 intentis
546 1097 582 1154 ut
605 1091 704 1154 sensit
725 1090 828 1154 verba
850 1091 1022 1175 loquentis,

229 1175 268 1241 In
290 1182 410 1242 terram
434 1176 550 1241 cecidit
571 1176 725 1241 membris
749 1176 939 1241 tremefacta
962 1178 1084 1260 solutis,

229 1263 322 1328 Eruit
345 1270 379 1328 et
400 1264 548 1350 proprios
571 1284 695 1328 summo
719 1263 760 1327 de
782 1264 905 1328 vertice
927 1265 1021 1349 pilos,

229 1349 364 1415 Necnon
385 1351 575 1416 verberibus
597 1350 737 1436 pulsavit
759 1349 871 1415 sedulo
894 1360 1018 1436 pectus,

230 1435 311 1501 Cum
333 1437 473 1502 lacrimis
495 1438 578 1501 tales
600 1457 757 1523 spargens
778 1457 877 1522 super
898 1438 1034 1502 aethera
1054 1456 1170 1502 voces:

229 1521 391 1608 ‘Quisquis
414 1522 606 1609 praedulces
629 1544 692 1587 non
715 1524 784 1587 vult
805 1522 916 1587 audire
939 1530 1102 1610 parentes,

227 1608 411 1695 Numquam
434 1611 589 1675 salvatur!
614 1609 701 1695 quod
724 1610 784 1674 hae
807 1610 932 1674 ratione
955 1611 1118 1696 probatur.

229 1694 315 1775 Heu,
339 1697 413 1779 heu,
437 1696 643 1782 splendorem
666 1695 732 1760 diei
755 1703 908 1760 curuata
931 1697 1049 1781 recepi,

230 1781 294 1846 Vel
320 1802 375 1847 cur
398 1785 548 1848 continuo
571 1803 636 1847 non
658 1804 729 1846 sum
752 1803 907 1847 concessa
929 1782 1110 1867 sepulchro,

228 1867 348 1934 Infelix
370 1869 499 1935 foveam
523 1869 674 1934 caderem
696 1889 737 1934 ne
760 1871 873 1935 mortis
895 1871 928 1934 in
950 1867 1081 1935 atram!²

271 1953 366 2021 Haec
389 1955 465 2020 dum
488 1957 617 2021 tristitia
639 1955 769 2020 dicebat
791 1957 986 2039 continuata,

232 2038 380 2106 Coniunx
402 2044 486 2107 illins
509 2042 614 2106 subito
637 2043 727 2107 venit
749 2044 929 2108 scelerosus

229 2125 273 2190 Et
295 2127 336 2193 de
359 2149 394 2193 ss
417 2130 515 2193 falsas
537 2129 653 2193 iuravit
674 2150 727 2193 res
749 2131 818 2195 fore
842 2130 954 2195 dictas.

230 2210 322 2284 Quas
343 2236 422 2280 mox
445 2217 603 2280 constanti
626 2215 802 2301 respondet
824 2236 904 2282 vocs
926 2215 1073 2301 neganti:

230 2297 276 2363 ‘Si
298 2320 372 2365 reus
393 2303 534 2387 ingentis
557 2304 671 2387 culpae
694 2303 758 2366 iam
782 2301 922 2388 denique
943 2323 1009 2367 non
1031 2302 1084 2383 sis,
1253 2310 1365 2377 fatcor

231 2385 353 2451 Laetus
376 2387 418 2452 ad
441 2389 611 2453 ecclesiam
633 2409 760 2453 mecum
783 2409 853 2453 cras
875 2389 1002 2475 pergito
1026 2394 1180 2469 sanctam,

225 2471 297 2538 Illic
318 2481 352 2539 et
374 2482 505 2540 sanctae
529 2476 660 2540 celebra
681 2476 874 2560 sollempnia
895 2473 1036 2539 missae.³

230 2557 302 2631 Qua
323 2581 401 2625 mor
424 2561 570 2626 devictus
589 2563 673 2626 iusta
695 2562 819 2625 ratione
841 2562 986 2626 misellus

231 2644 369 2711 Oausam
392 2649 553 2713 commissi
575 2649 716 2712 narravit
737 2668 877 2734 namque
899 2648 1005 2732 piacli.

229 2731 365 2818 Illoque,
387 2735 557 2799 mollitiem
579 2736 645 2798 iam
668 2733 834 2820 deponens
857 2734 1049 2798 muliebrem

228 2817 272 2882 Et
295 2841 423 2885 sumens
446 2822 530 2886 vires
553 2821 705 2907 prudenti
727 2820 825 2886 corde
847 2820 962 2902 viriles,

228 2903 307 2970 Mox
329 2906 371 2971 ad
392 2907 548 2973 Basilium
571 2908 720 2972 currebat
741 2928 881 2993 namque
902 2907 1050 2982 beatum;

229 2990 374 3075 Necnon,
397 2996 542 3079 vestigiis
566 3015 674 3059 coram
697 3001 858 3081 prostrata
880 2995 1023 3075 sacratis,

230 3077 337 3144 Utitur
358 3081 409 3145 his
431 3083 539 3146 verbis
561 3080 689 3146 turbato
712 3089 844 3167 pectore
867 3080 957 3145 lusis:

272 3163 401 3231 ‘Sancte
425 3167 487 3249 dei,
511 3169 653 3232 clemens
674 3169 769 3233 nobis
791 3188 939 3233 succurre
962 3168 1105 3252 misellis,

228 3249 271 3316 Et
294 3254 385 3318 trahe
409 3253 450 3319 de
473 3256 564 3318 tetris
587 3255 676 3319 saevi
697 3277 756 3321 nos
779 3254 926 3320 faucibus
948 3255 1059 3333 hostis,

230 3336 292 3410 Qui
313 3346 439 3404 nostras
462 3341 595 3426 fragiles
616 3342 716 3406 iactat
740 3362 775 3406 se
798 3341 936 3428 perdere
957 3342 1114 3407 mentesl'

230 3423 374 3511 Cumque
397 3427 528 3492 modum
552 3428 666 3514 culpae
690 3427 864 3493 denudavit
886 3428 946 3492 sibi
968 3436 1090 3512 tantae,

229 3510 374 3578 Vertitur
395 3513 438 3577 ad
460 3535 589 3579 servum
610 3516 740 3600 praesul
764 3514 884 3579 domini
906 3515 1102 3582 scelerosum

229 3598 279 3663 Ac
304 3601 411 3685 oospit
433 3601 541 3665 verbis
563 3600 653 3665 illum
675 3601 817 3685 rogitare
840 3601 999 3686 benignis,

228 3684 308 3750 Post
329 3688 436 3752 scelus
458 3687 501 3751 ad
524 3685 685 3752 Christum
707 3687 809 3752 vellet
830 3688 857 3751 si
878 3694 1006 3754 vortere
1028 3709 1167 3754 sensnm.

230 3769 301 3848 Qui,
326 3794 361 3837 se
386 3775 503 3838 salvari
526 3773 711 3859 desperans,
736 3772 945 3839 dixeratilli:

229 3857 276 3922 ‘Si
298 3869 410 3945 posset
432 3860 512 3941 fieri,
535 3861 708 3925 voluissem
731 3866 841 3925 mente
863 3861 991 3936 libenti;

207 4027 257 4081 141
284 4040 351 4083 seete
375 4031 418 4083 M:
440 4031 541 4084 correcti
564 4032 621 4083 coll,
650 4031 764 4096 Tbsopb.
787 4034 848 4093 2615
873 4033 908 4098 cf.
930 4032 985 4084 incl.
1007 4033 1074 4086 verb.
1096 4050 1117 4085 s.
1139 4051 1162 4086 a.
1185 4043 1255 4085 secta

125 4095 172 4148 156
190 4106 276 4150 natata
293 4101 356 4167 M¹p
414 4108 417 4113 ’
443 4100 494 4153 165
511 4100 630 4167 celebrat)
647 4100 682 4151 M

208 4237 259 4290 149
281 4261 313 4284 =
331 4242 395 4294 Bas.
409 4244 464 4293 223.
570 4239 621 4295 153
642 4243 676 4308 cs.
699 4240 879 4306 Tbcopb.297.
986 4240 1036 4296 165
1058 4243 1093 4308 cf.
1110 4240 1190 4294 Dion.
1200 4241 1253 4290 172.

126 4302 174 4356 172
191 4309 226 4374 cs.
245 4308 307 4361 Bas.
317 4315 356 4364 81.

176 4389 361 4449 nausimus
379 4411 471 4449 orsas.
1084 4395 1101 4449 6
