2970 4890
213 337 264 391 196
574 332 836 388 Hsorsvruflsu
855 332 982 386 OPERA.

73 509 133 598 [VI
158 507 188 597 1]
297 508 466 573 Asnam.
510 507 588 578 Dio;
611 527 652 571 ns
676 506 772 570 celes.

298 595 487 658 Anrrocnus.
532 594 593 657 Illa
614 593 749 672 lasciva,
779 610 875 675 quam
904 590 981 654 mihi
1010 592 1215 655 cruciandam
1244 592 1345 656 trodi-

210 679 300 762 disti,
330 680 474 764 puellula
504 700 556 742 me
587 685 759 764 praesente
790 677 1024 761 flagellabatur,
1049 681 1054 757 1
1079 678 1137 741 sed
1167 698 1209 742 ne
1239 681 1345 743 tenuis

210 765 341 852 quidem
369 768 449 831 cutis
478 773 696 829 summotenus
730 764 1000 847 disrumpebatur.
1026 765 1030 847 Ι
1057 763 1184 828 Deinde
1224 766 1346 849 proieci

209 853 298 918 illam
324 854 357 917 in
380 853 541 917 fornacem
563 855 567 935 Ι
586 854 718 938 igneum
747 851 888 916 colorem
916 871 994 935 prae
1017 853 1115 914 nimio
1144 851 1260 915 ardore
1285 873 1342 915 ex·
1375 876 1386 913 s

232 940 477 1006 rimantem...

166 1027 185 1088 2
209 962 230 1025 p
296 1025 464 1090 Aonrrnus.
497 940 575 1089 ¹Cur
597 1025 777 1088 dissimulas
799 1023 906 1107 loqui?
927 1023 931 1106 Ι
952 1042 1080 1108 expone
1110 1024 1232 1086 exitum
1256 1023 1314 1086 rei.
1340 1021 1344 1106 l

297 1111 486 1176 Aurroonus.
530 1111 679 1175 Flamma
702 1112 831 1196 erupit!
852 1116 886 1173 et
909 1111 1048 1194 quinque
1062 1110 1159 1190 ,milia
1179 1109 1344 1173 hominum

212 1197 423 1276 combussitl

298 1286 467 1349 Annianus.
510 1281 553 1347 Et
576 1282 653 1369 quid
676 1284 810 1368 contigit
831 1283 922 1366 illill
1365 1309 1390 1346 ιο

297 1369 488 1434 Aurroosns.
533 1368 718 1449 Karitatill

298 1456 467 1520 Aosmuus.
511 1455 613 1539 Ipsi!

298 1541 489 1606 nonnosus.
534 1541 665 1605 Ludens
680 1542 764 1604 inter
778 1541 1013 1605 flammivomos
1029 1560 1166 1624 vapores
1183 1537 1345 1624 vagabat!

213 1633 247 1692 et
261 1627 374 1691 illaesa
389 1626 503 1690 laudes
524 1627 586 1690 deo
610 1648 668 1690 suo
683 1627 857 1712 pangebat.
879 1635 883 1702 Ι
903 1627 954 1690 Illi
970 1627 1078 1707 etiam,
1102 1626 1156 1712 qui
1173 1624 1347 1709 diligenter

211 1714 262 1864 {ps
286 1733 396 1793 exere,
417 1715 422 1796 l
442 1712 606 1795 ferebant,
637 1721 702 1777 tres
733 1712 919 1777 candidulos
941 1713 1026 1776 viros
1054 1734 1126 1776 cum
1154 1712 1210 1776 illo
1233 1711 1345 1775 deam·
1366 1739 1390 1778 rr

270 1820 352 1863 asse.

167 1884 186 1944 3
296 1800 465 1950 Annianus.
518 1884 683 1949 Erubesce
710 1885 797 1948 illam
828 1887 912 1949 ultra
941 1884 1063 1965 videre,
1084 1882 1089 1967 1
1110 1883 1185 1969 quia
1218 1901 1346 1967 nequeo

210 1972 298 2036 illam
321 1971 486 2053 laedere!

298 2058 487 2122 Aurrocnus
533 2055 659 2138 Restat,
682 2065 718 2120 ut
739 2059 916 2142 perimatur
937 2056 1058 2140 gladio.

55 2169 116 2222 paq.
133 2156 194 2205 295.
299 2144 465 2208 Annianus.
510 2141 583 2207 Hoc
606 2144 661 2206 fiat
684 2144 806 2229 absque
830 2164 929 2207 mora.

79 2470 145 2536 VII
172 2475 182 2533 l
299 2468 489 2534 Aurrocuus.
525 2469 655 2555 Detege
673 2470 794 2554 duram,
810 2473 951 2551 Karitas,
968 2472 1125 2535 cervicem
1145 2469 1150 2554 Ι
1171 2476 1204 2533 et
1225 2470 1347 2533 sustine

212 2558 410 2641 percussoris
432 2577 552 2623 ensem.
572 2560 578 2638 l

298 2641 449 2707 Krnrras.
494 2644 533 2708 In
548 2644 610 2708 hoc
631 2665 695 2708 non
710 2646 830 2708 renitor
852 2645 898 2707 tui
913 2646 1006 2725 votis,
1026 2645 1031 2727 Ι
1051 2642 1109 2706 sed
1124 2642 1230 2707 libens
1245 2663 1346 2728 pareo

211 2728 340 2813 iussisl
1365 2752 1390 2792 ar

303 2814 475 2882 Sarrssrrn.
523 2816 633 2898 Nunc,
664 2837 763 2897 nunc,
792 2817 871 2896 filia,
901 2815 1141 2899 gratulandum,
1170 2817 1175 2895 1
1203 2836 1287 2879 nunc
1314 2816 1346 2878 in
1365 2828 1414 2895 sol.
1428 2830 1485 2880 128

213 2901 341 2966 Christo
366 2910 415 2965 est
430 2901 649 2987 gaudendum
674 2908 758 2982 lnec
781 2910 840 2984 est,
865 2923 948 2988 quae
971 2923 1023 2965 me
1047 2900 1211 2983 mordeat,
1235 2900 1345 2986 cura,l

213 2990 289 3073 quia
312 3010 425 3053 secura
447 3010 517 3052 sum
542 2989 582 3053 de
606 2996 662 3052 tua
684 2990 825 3053 victoria.
847 2991 851 3070 1

168 3076 186 3135 2
298 3073 449 3139 Knmras.
495 3075 636 3159 inprime
660 3074 748 3154 mihi,
772 3082 886 3157 mater,
909 3076 1052 3139 osculum
1072 3076 1077 3157 1
1098 3081 1131 3138 et
1154 3073 1348 3138 commenda

212 3161 330 3225 iturum
354 3160 481 3224 Christo
504 3163 658 3246 spiritum.
680 3165 684 3240 Ι

299 3245 474 3311 Ssmsnrm.
521 3246 583 3320 Qui
606 3255 638 3310 te
660 3247 693 3308 in
716 3267 790 3310 meo
814 3252 905 3310 utero
927 3247 1108 3326 vivificavit,
1128 3246 1223 3330 lipsa
1247 3246 1345 3310 susci-
1365 3277 1390 3316 so

211 3333 280 3419 piat
303 3333 451 3411 animam,
476 3353 571 3417 quam
595 3333 729 3397 caelitus
750 3334 950 3417 inspiravitl

298 3417 449 3481 Ksnrms.
495 3418 582 3500 Tibi,
611 3417 754 3498 Christe,
784 3420 897 3503 gloria,
918 3422 922 3498 Ι
943 3420 996 3504 qui
1025 3439 1078 3482 me
1102 3418 1144 3482 ad
1167 3425 1199 3482 te
1223 3417 1346 3482 vocasti

213 3525 285 3569 cum
308 3505 452 3588 martyrii
475 3503 617 3589 palma!

300 3588 473 3658 Ssrrsnrm.
519 3591 617 3670 Vale,
645 3592 753 3676 proles
777 3590 973 3665 dulcissima;
994 3591 998 3674 l
1019 3598 1067 3673 et,
1091 3612 1163 3654 cum
1187 3587 1315 3653 Christo
1342 3587 1346 3672 l

226 3853 231 3862 .
298 3813 495 3869 teracisndam
508 3819 569 3884 M¹p
637 3817 705 3870 dne
722 3820 810 3869 ΜΡ
884 3818 1065 3883 bexpisntam
1079 3818 1121 3867 Μ1
1142 3816 1221 3880 (corr.
1240 3835 1272 3868 m.
1284 3817 1317 3882 1),
1328 3833 1348 3882 p

213 3885 246 3940 13
263 3888 410 3953 vagabatur
422 3887 496 3953 M²p¹
568 3886 600 3938 14
612 3888 702 3940 illaesa
714 3889 806 3955 scripsi
817 3887 863 3955 (cs.
871 3905 900 3954 p.
911 3891 966 3951 193,
979 3889 1035 3945 33l:
1047 3888 1094 3938 illa
1106 3887 1136 3937 M
1207 3884 1241 3938 23
1252 3888 1349 3938 renitor

210 3955 327 4092 2120)th
349 3957 429 4022 corr.)
447 3957 477 4007 M
563 3955 598 4008 26
620 3959 784 4024 gaudendum
802 3956 919 4021 (endum
936 3958 964 4006 ia
981 3974 1035 4009 ros.
1055 3974 1089 4008 as.
1102 3957 1127 4021 1)
1147 3954 1181 4006 M
1235 3954 1286 4022 est]
1310 3959 1349 4007 est

298 4182 332 4234 23
353 4185 387 4249 cs.
406 4181 469 4233 Aer.
483 4186 497 4232 7
512 4183 573 4244 §13.
661 4179 695 4231 29
718 4177 753 4244 cs.
773 4181 855 4231 Pmd.
873 4180 952 4245 rtcpls
967 4184 1007 4244 10,
1019 4182 1081 4231 832:
1104 4185 1204 4230 tantum
1228 4177 1346 4228 osculum

212 4253 340 4319 impressit
350 4269 444 4315 unum;
455 4248 542 4317 ‘vals,'
551 4253 596 4315 ait,
608 4248 771 4310 ‘dulcissima
790 4258 886 4302 etcum
898 4251 988 4301 boatus
999 4266 1082 4316 regua
1093 4249 1189 4300 Christi
1202 4247 1347 4311 intraveris,

211 4331 339 4374 memento
357 4323 445 4372 matris
462 4323 513 4372 iam
531 4329 638 4388 patrone
656 4337 688 4371 ax
706 4315 777 4370 fllio’.
