2970 4890
543 329 570 384 ll
589 331 612 384 1.
635 329 794 385 Gallicanus
806 331 827 385 l.
846 331 881 386 ll.
1231 335 1278 389 121

10 502 128 592 uns]
232 501 435 567 GALLICANUS.
490 501 588 566 Nulla
615 505 719 589 magis
742 510 791 568 est
813 504 945 569 vitanda
967 507 1153 592 temptatio,
1184 527 1280 592 quam

144 590 310 664 oculorum
333 588 604 673 concupiscentia.

231 673 474 740 Oousrrnrmus.
518 675 691 760 Refragari
713 697 852 761 nequeo.

231 759 431 826 (intricatus.
464 761 559 826 Unde
583 783 646 827 non
663 763 808 848 expedit,
831 784 883 827 me
907 762 1106 848 frequentius
1122 765 1279 850 virginem

143 848 271 950 intueri,
290 848 295 930 Ι
316 867 413 1013 qupm
435 869 514 932 prae
538 849 737 934 parentibus,
762 870 841 935 prae
857 851 933 930 rita,
956 870 1034 934 prae
1056 851 1163 914 anima
1185 872 1205 914 a
1227 871 1279 916 me
1308 873 1320 911 s

145 956 208 1000 sors
230 954 340 998 aman.

10 1057 56 1107 cy.
66 1043 125 1090 165.
232 1020 472 1085 Oousrnumuus.
518 1019 564 1083 Ut
585 1021 674 1084 libet.

101 1111 121 1169 5
231 1105 432 1171 Gaunicnrus.
492 1105 594 1188 Ecce,
631 1106 734 1171 habes
773 1105 1052 1192 quadruplicatum
1091 1111 1280 1191 exercitum,

146 1191 274 1258 Christo
297 1193 426 1256 favente
455 1198 488 1255 et
511 1214 563 1257 me
586 1193 765 1257 laborante.
811 1193 945 1274 Patere,
974 1201 1010 1257 ut
1038 1215 1122 1259 nuno
1144 1196 1280 1260 militem

146 1279 347 1365 imperatori,
374 1280 379 1361 Ι
407 1279 495 1343 cuius
518 1280 680 1343 iuvamina
703 1281 782 1360 vici,
810 1282 814 1359 Ι
840 1286 873 1344 et
900 1282 951 1344 cui
976 1279 1098 1363 debeo,
1131 1283 1281 1367 quicquid
1300 1309 1325 1347 ro

148 1366 285 1430 feliciter
306 1365 382 1428 vixi.
403 1378 408 1444 Ι

233 1450 472 1515 Oousrnsrruus.
517 1449 627 1534 Ipsum
652 1449 747 1514 decet
770 1450 839 1514 laus
863 1457 896 1515 et
919 1452 1074 1534 iubilatio,
1097 1455 1159 1538 ipsi
1182 1453 1282 1519 debet

146 1538 294 1602 famulari
318 1538 420 1601 omnis
443 1541 599 1601 creatura.

233 1622 434 1688 (innatamus.
485 1621 551 1686 Sed
580 1622 625 1686 illi
654 1623 869 1707 potissimum,
896 1627 901 1702 Ι
927 1625 996 1709 quis
1024 1626 1056 1688 in
1085 1628 1280 1691 necessitate

146 1711 267 1795 largius
288 1715 432 1796 praestat
455 1710 620 1775 auxilium.
641 1710 645 1788 Ι
1300 1740 1324 1778 a

235 1794 475 1861 Oousrnurmus.
522 1796 566 1859 Ut
589 1796 716 1860 asseris.

103 1885 123 1946 6
234 1880 435 1947 (immensus.
469 1882 600 1946 Partem
616 1882 838 1968 possessionis,
863 1902 946 1966 quae
965 1881 1008 1944 ad
1030 1882 1113 1946 filias
1129 1884 1280 1969 pertinet,

145 1970 287 2054 excipio,
317 1972 322 2051 Ι
349 1975 539 2053 partemque
574 1969 615 2032 ad
650 1968 887 2053 susceptionem
923 1970 1168 2054 peregrinorum
1203 1970 1282 2035 milri

145 2075 291 2129 reserv03
307 2054 311 2140 Ι
326 2054 366 2117 de
382 2056 506 2140 reliquo
522 2057 667 2141 proprios
684 2075 804 2136 servos,
827 2055 978 2118 libertate
996 2054 1142 2137 donatos,
1166 2055 1278 2142 ditarit

145 2161 388 2227 pauperumque
412 2144 624 2206 necessitates
647 2142 721 2205 volo
745 2142 925 2204 sustentari.
947 2140 951 2221 Ι
1299 2167 1324 2207 ro

233 2226 473 2293 Oousrmrruus.
519 2228 701 2292 Prudenter
715 2248 866 2313 possessa
882 2227 1033 2312 disponis,
1054 2227 1059 2310 Ι
1078 2247 1139 2292 nec
1162 2247 1280 2314 expers
1297 2241 1346 2309 sol.
1360 2243 1413 2293 εν

144 2313 203 2377 fies
227 2320 380 2377 aeternae
403 2314 631 2379 retributionis.
653 2316 658 2396 Ι

103 2400 121 2459 7
233 2399 433 2465 Guarcaaus.
485 2400 539 2464 Me
562 2402 667 2487 ipsum
690 2400 787 2464 etiam
810 2404 920 2462 sancto
944 2399 1011 2462 viro
1035 2398 1219 2480 Hilariano,
1248 2399 1280 2463 in

145 2486 226 2549 urbe
243 2485 371 2550 Ostensi
386 2487 389 2570 Ι
404 2486 604 2551 individuum
626 2486 771 2551 sodalem
795 2484 894 2549 ardeo
918 2485 1110 2549 associatum
1132 2486 1181 2566 iri,
1199 2485 1279 2571 lquo

145 2571 266 2636 ibidem
297 2573 455 2657 reliquum
485 2575 571 2637 vitae
592 2574 597 2657 Ι
616 2575 648 2638 in
678 2572 732 2636 dei
762 2570 859 2635 laude
890 2592 1133 2657 pauperumque
1168 2591 1281 2636 vacem
1300 2594 1323 2634 a

147 2679 239 2722 susce
264 2659 387 2739 tionel

232 2680 471 2810 dousrnnrmus.
526 2744 674 2830 Simplex
703 2764 789 2820 esse,
815 2750 819 2820 Ι
844 2744 895 2807 cui
922 2763 1052 2826 semper
1081 2749 1129 2806 est
1152 2761 1259 2827 posse,

146 2832 230 2894 sinat
246 2832 292 2894 tui
307 2851 378 2895 esse
397 2831 400 2915 Ι
419 2832 580 2916 prosperis
597 2830 851 2895 successionibus
867 2831 958 2894 iuxta
974 2830 1022 2892 sui
1038 2829 1124 2893 velle
1140 2830 1262 2914 vigere,

151 2925 185 2980 et
205 2916 362 3002 perducat
385 2925 417 2981 te
442 2916 484 2980 ad
506 2917 625 3001 gaudia
641 2918 852 2996 aeternitatis,
873 2920 878 2997 Ι
899 2918 952 3002 qui
975 2922 1092 3001 regnat
1114 2922 1148 2979 et
1163 2914 1283 3000 gloria-

149 3010 201 3066 tur
221 3005 254 3067 in
275 3004 397 3068 unitate
422 3004 580 3067 trinitatis.
601 3009 606 3085 Ι
1299 3029 1325 3070 ao

233 3089 432 3155 Garamantas.
471 3089 588 3155 Amen.

10 3335 128 3398 ra9.166.
351 3314 492 3379 IULIANUS
516 3333 702 3379 IMPERATOR·
747 3333 905 3376 CONSULES.
952 3334 1079 3377 llllLlTES.

33 3449 50 3512 1
75 3454 86 3512 1
116 3456 145 3511 0
232 3431 381 3499 qumnus.
426 3433 669 3497 Incommodum
692 3434 769 3497 satis
793 3433 925 3515 nostro!
947 3433 1104 3517 probatur
1127 3454 1198 3499 esse
1221 3435 1282 3497 im-

146 3519 247 3605 perio,
268 3519 272 3596 Ι
293 3520 378 3605 quod
395 3520 559 3584 christiani
574 3521 676 3584 libero
697 3522 702 3603 Ι
722 3526 854 3584 utuntur
869 3519 1000 3583 arbitrio
1020 3521 1025 3603 Ι
1046 3527 1079 3584 et
1093 3522 1223 3601 iactant,
1247 3540 1283 3585 se

147 3607 238 3690 leges
255 3606 375 3671 debere
393 3607 494 3755 sepsui,
511 3607 513 3668 l
529 3628 607 3691 quas
623 3607 827 3692 accipiebant
842 3606 1041 3691 temporibus
1055 3605 1280 3691 Constantinil
1302 3634 1327 3673 rs

233 3713 391 3759 consutas.
466 3714 557 3778 urpe,
581 3694 607 3756 si
629 3695 760 3778 pateris.

232 3778 382 3844 Iunrauua
429 3779 503 3842 Non
526 3781 641 3865 patiar.

234 3932 423 4000 testJ÷r1‚
441 3953 489 3987 om.
497 3953 518 4000 p
537 3934 606 3999 (item
613 3953 642 4000 p.
657 3939 712 3999 124,
723 3935 768 4000 24)
840 3932 873 3985 19
890 3936 1006 4001 relinquo
1019 3935 1080 4000 ΜΨ
1133 3935 1210 3985 ditari
1220 3935 1284 3999 fort.

146 4003 174 4052 in
186 4020 247 4066 raa,
260 4005 304 4054 sed
315 4022 349 4055 m.
362 4011 383 4068 1,
398 4003 430 4054 M
497 4003 531 4055 ‘24
549 4006 660 4056 Ostiensi
673 4022 698 4054 aa
709 4003 757 4068 (sic
775 4003 887 4070 Maqnia
904 4005 962 4055 coll.
981 4004 1015 4054 A.
1027 4004 1055 4056 S.
1075 4004 1136 4053 Iam.
1149 4003 1170 4051 V
1182 4019 1211 4067 p.
1226 4001 1285 4067 38),-

148 4070 327 4139 (Gallicanam)
345 4075 467 4125 Hostensi
485 4074 512 4123 in
531 4075 594 4125 urbe
612 4075 709 4141 templa
726 4075 829 4125 Christo
847 4075 971 4125 construit
992 4069 1167 4124 Flodoardus
1184 4069 1284 4137 (Mipne

150 4139 279 4191 CXXXV
297 4143 376 4207 760²)
463 4141 497 4194 25
517 4144 615 4210 nituite
633 4143 693 4208 M¹p
713 4141 791 4206 (corr.
811 4160 845 4193 m.
858 4143 882 4198 1)

234 4260 297 4329 2cf.
311 4264 368 4315 lob.
381 4279 420 4327 ep.
431 4263 518 4326 1216
535 4264 743 4331 concupiscentia
758 4264 900 4314 oculorum.
970 4259 986 4311 8
998 4262 1033 4326 cs.
1046 4259 1123 4324 Sulp.
1137 4258 1194 4310 Seu.
1206 4257 1284 4308 citam

149 4344 168 4378 a.
185 4329 296 4381 lllcrtiai
307 4336 358 4395 4,3
375 4329 519 4384 ‘hactenus'
536 4334 621 4400 inquit
638 4334 671 4385 ad
691 4334 824 4384 Caesarem
840 4330 959 4383 ‘militavi
974 4330 1034 4389 tibi;
1053 4338 1148 4396 patere,
1167 4336 1196 4378 ut
1214 4341 1284 4377 nnnc

149 4397 329 4453 militemdeo.'
386 4399 450 4467 iles.
464 4399 573 4468 Postu?
582 4404 598 4465 d
608 4409 634 4454 4.
690 4400 723 4452 12
736 4403 770 4467 cf.
782 4400 967 4468 Pasa.12§6.
1021 4396 1055 4449 18
1067 4399 1102 4466 cf.
1114 4397 1282 4461 Mundum.
