2970 4890
559 335 820 391 naousvluusa
838 335 968 392 OPERA„

306 507 402 587 Hinc,
426 528 507 593 quos
529 509 633 592 poscit
655 529 745 594 opus,
768 510 857 594 prius
878 511 1048 594 acquirens
1070 512 1132 576 sibi
1154 522 1316 599 sumptus,

305 593 455 657 Protinus
478 595 635 657 ecclesiae
658 597 837 658 construxit
858 597 988 659 moenia
1010 596 1165 681 pulchrae
1280 620 1340 668 <sset

306 849 398 922 Quae
421 850 575 936 splendor
595 852 674 915 lucis
698 850 881 936 designavit
902 854 1071 917 rutilantis.

304 936 377 1000 Hac
397 938 407 1000 i
434 939 496 1000 'tur
519 957 617 1000 causa
638 939 744 1001 fuerat
765 939 830 1001 iarn
854 946 972 1024 coepta
994 942 1135 1006 secundo

306 1022 417 1087 Coeno
441 1024 463 1086 ii
486 1022 545 1086 sub
569 1023 691 1087 honore
715 1023 769 1088 dei
792 1027 985 1089 constructio
1008 1030 1120 1091 nostri.

304 1108 436 1173 Interea
457 1108 584 1193 lapides
606 1115 784 1173 structurae
809 1112 1039 1176 convenientes

303 1193 376 1258 Non
398 1202 535 1279 potuere
557 1196 637 1259 locis
658 1197 799 1259 nancisci
820 1217 950 1280 prorsus
972 1199 1004 1261 in
1027 1200 1108 1262 illis:
1278 1214 1337 1264 ‹as›

304 1280 400 1344 Unde
423 1301 547 1345 moram
570 1288 635 1344 tem
660 1282 683 1344 li
706 1284 825 1365 patitur
847 1284 1004 1367 perfectio
1028 1287 1147 1369 coepti.

305 1367 483 1430 Abbatissa
505 1366 564 1430 sed
586 1388 607 1429 a
628 1302 759 1432 domino
782 1387 916 1452 sperans
938 1369 1148 1434 Hstbumoda

304 1453 485 1538 Impetrare
507 1452 571 1517 fide
595 1452 765 1517 credentes
788 1456 896 1518 omnia
918 1476 1025 1538 posse,

303 1538 492 1623 Frangebat
515 1559 587 1602 sese
610 1540 707 1603 nimio
731 1561 892 1625 persaepe
914 1542 1038 1622 labore,

302 1623 407 1689 Nocte
430 1624 547 1709 dieque
571 1624 632 1689 deo
657 1626 756 1688 sacris
778 1625 891 1690 studiis
914 1627 1114 1701 famulando;
1276 1646 1335 1691 ‹aso›

304 1709 357 1792 Et,
381 1710 598 1774 subiectarum
621 1712 729 1774 multis
751 1713 798 1776 illi
820 1713 959 1794 sociatis,

304 1797 449 1862 caelitus
471 1798 582 1860 auxilii
605 1798 700 1882 petiit
723 1798 879 1861 solamina
901 1799 987 1875 ferri,

303 1882 353 1946 Ne
376 1903 441 1946 non
462 1884 643 1967 perfectum
666 1892 850 1948 remaneret
872 1905 953 1968 opus
975 1885 1061 1949 bene
1084 1889 1246 1968 coeptum.

303 1968 373 2032 Neo
395 1989 496 2049 mora,
520 1971 706 2049 caelestem,
730 1991 826 2055 qnam
849 1971 1037 2055 quaerebat,
1061 1972 1219 2055 pietatem

304 2053 412 2118 Sensit
433 2054 549 2118 adesse
573 2057 621 2118 sui
645 2056 727 2118 votis
749 2065 932 2141 promptam
955 2057 1111 2120 misereri.
1276 2073 1335 2123 (2⁵⁵)

306 2140 403 2220 Nam,
426 2141 598 2205 ieiunando
621 2143 720 2205 sacris
733 2143 956 2292 precibusque
979 2142 1125 2206 vacando

304 2226 386 2291 (lum
408 2233 569 2313 prostrata
591 2227 643 2292 die
667 2248 731 2313 qua
754 2248 806 2291 am
829 2229 927 2292 iacuit
949 2249 1042 2292 secus
1064 2249 1165 2308 aram,

304 2313 403 2378 Vocis
425 2319 615 2377 mansuetae
640 2315 739 2397 (iussu
763 2315 968 2398 compellitur
988 2313 1048 2395 ire>

306 2401 416 2485 Atque
440 2402 532 2485 sequi
555 2401 728 2479 volucrem,
751 2420 849 2484 quem
871 2401 936 2463 iam
956 2421 1130 2485 progressa
1152 2399 1323 2463 sedentem

304 2485 462 2550 Cemeret
483 2488 516 2549 in
538 2488 608 2550 saxi
631 2485 797 2550 cuiusdam
820 2488 942 2549 vertice
965 2488 1084 2571 magni.
1273 2503 1332 2550 (aa)

301 2571 318 2635 I
342 2593 454 2657 saque,
477 2573 695 2656 complectens
718 2573 824 2636 animo
848 2579 1024 2659 praecepta
1047 2579 1172 2657 parato,

333 2659 487 2743 greditur‚
511 2658 603 2722 dictis
626 2658 761 2723 eredens
785 2679 827 2721 ex
850 2658 948 2722 corde
971 2659 1130 2729 iubentis;

302 2746 362 2826 Ae,
385 2747 589 2810 cementariis
611 2765 720 2809 secum
744 2745 879 2828 sumptis
901 2745 986 2809 bene
1009 2747 1128 2829 gnaris,

302 2831 453 2896 Perrexit
475 2833 578 2910 citius,
602 2852 666 2916 quo
689 2830 781 2895 duxit
804 2832 932 2916 spiritus
955 2833 1068 2909 almus,

302 2917 416 2982 Donec
439 2916 482 2980 ad
504 2924 655 3002 coeptum
678 2918 826 3001 pervenit
847 2916 955 2981 nobile
979 2918 1146 3002 templum.
1274 2932 1332 2980 ‹sss›

304 3005 375 3068 lllic
398 3003 603 3068 candidulam
625 3002 705 3067 vidit
727 3003 869 3067 residere
893 3003 1075 3067 columbam

303 3089 341 3153 In
366 3089 526 3174 designati
549 3090 716 3174 praecelso
739 3090 860 3153 vertice
884 3090 965 3156 saxi.

304 3175 396 3247 Quae
420 3197 498 3239 mox
520 3178 672 3260 expansis
693 3175 831 3240 volitans
854 3181 1080 3261 praecesserat
1102 3175 1172 3252 alis,

303 3260 480 3345 Temperat
502 3269 599 3346 atque
623 3283 715 3326 suum
737 3282 802 3325 non
825 3269 917 3326 sueto
940 3281 1030 3325 more
1053 3261 1206 3336 volatum,

303 3346 418 3410 Posset
439 3355 475 3410 ut
497 3368 612 3411 aereos
632 3348 755 3411 directo
778 3350 907 3411 tramite
931 3349 1036 3411 sulcos
1272 3360 1331 3410 (πο)

279 3499 331 3552 234
348 3502 444 3585 pulcra.
456 3499 648 3553 ‘desiderantis
664 3520 760 3566 cerm,
777 3504 903 3570 deficiam
920 3506 972 3556 duo
984 3500 1113 3555 cariniao'
1130 3503 1183 3565 lul,
1194 3499 1330 3568 ‘deficiunt

194 3573 246 3624 dcco
258 3587 348 3623 cernis
369 3568 408 3631 li¹,·
424 3588 505 3636 neque
518 3570 696 3636 Harenberqio
706 3569 848 3638 ‘cunquire
859 3569 1074 3639 moamcriptum‘
1090 3571 1234 3624 merc
1248 3587 1331 3635 aeque

193 3641 282 3694 ceteris
299 3640 438 3692 editoribus
449 3641 584 3705 quicquum
602 3640 686 3691 deesse
697 3641 810 3692 adesir:
828 3643 899 3708 alqui
916 3660 968 3693 aon
980 3643 1083 3693 moenio
1100 3649 1176 3692 crocu
1187 3640 1332 3706 desierim,

192 3710 239 3764 aed
257 3711 329 3762 iocus
346 3709 399 3759 iilis
417 3717 501 3775 optare.
576 3706 627 3760 235
644 3711 718 3773 Quae
737 3712 774 3761 sic
791 3712 827 3775 bl,
845 3729 879 3762 sc.
899 3712 957 3762 icco
1031 3709 1083 3763 236
1100 3712 1186 3762 fuerat
1204 3711 1227 3760 l:
1246 3726 1294 3760 cns.
1313 3709 1331 3759 li

192 3778 245 3832 242
256 3780 376 3832 medente
387 3780 474 3831 omnia
486 3779 511 3842 b,
523 3779 641 3829 credente
653 3781 760 3845 praevia
778 3780 800 3830 l:
812 3781 913 3832 canai
924 3798 955 3832 a
968 3780 1048 3847 Pasa.
1061 3786 1090 3832 11
1104 3781 1121 3842 §
1133 3787 1147 3830 1
1198 3776 1250 3829 246
1262 3778 1331 3829 soln-

193 3851 263 3902 mino
281 3850 292 3899 l
378 3846 429 3901 249
447 3849 481 3900 ad
499 3863 554 3898 sese
572 3847 601 3898 lii
653 3849 694 3898 sui
711 3848 747 3899 sic
765 3846 816 3900 lili:
833 3851 888 3900 suis
904 3849 938 3900 lu
1016 3847 1069 3902 252
1086 3850 1163 3901 Vocis
1182 3854 1331 3899 mmsuetae

192 3921 234 3972 dis
255 3919 368 3985 quadam
392 3925 427 3984 (q.
446 3935 495 3969 om.
515 3917 536 3982 l)
557 3917 638 3968 iacuit
660 3933 735 3969 secus
751 3934 822 3970 aram
841 3919 881 3970 lii:
903 3920 1004 3970 conred
1021 3918 1068 3982 (V.
1087 3936 1120 3969 m.
1139 3919 1242 3969 monitis
1259 3917 1331 3968 exiro

193 3991 298 4042 iubetur
327 3988 433 4040 Minis
461 3987 572 4053 asylecto
602 3985 808 4045 bmnocoteleuto)
929 3986 981 4039 253
1010 4004 1087 4053 quem
1113 3985 1163 4037 ltll:
1193 4002 1271 4053 quarn
1298 3986 1331 4036 bu

192 4057 246 4112 254
272 4060 329 4111 sani
349 4059 360 4108 l
462 4054 513 4108 259
540 4057 657 4122 pervenit
673 4057 765 4123 scripsi
784 4057 912 4118 (similiter
928 4057 979 4108 ech.
997 4056 1150 4122 copt.346).·
1173 4055 1286 4122 perrexit
1303 4055 1332 4105 bi

192 4127 235 4193 (esc
255 4147 279 4181 c.
292 4128 356 4193 268)
446 4124 496 4177 261
525 4125 657 4192 mascalas
675 4126 685 4176 l
776 4122 828 4176 263
856 4127 995 4192 Temperat
1012 4127 1022 4176 l
1091 4134 1164 4177 sueto
1182 4127 1212 4176 11.-
1233 4128 1302 4176 lacto
1320 4125 1331 4175 l

192 4195 244 4250 264
261 4200 340 4250 Posse
357 4205 421 4247 tuuc
438 4195 467 4246 ll
518 4211 607 4247 aereos
624 4195 657 4246 lt:
674 4195 758 4261 spatio
774 4194 863 4245 relicto
880 4211 928 4246 om.
947 4196 958 4244 l

278 4335 330 4389 235
342 4337 375 4403 cf.
384 4337 464 4401 prim
477 4338 534 4387 261.
594 4332 646 4386 249
659 4335 693 4401 cf.
707 4331 1014 4399 Mor.17sq.,Dion.85.
1076 4329 1130 4385 256
1141 4329 1176 4395 cs.
1191 4333 1261 4383 Mor.
1271 4336 1330 4384 251.
