2970 4890
656 361 670 415 1
687 360 712 416 a.
729 318 834 432 ayss]
1027 438 1034 450 ι
1255 367 1305 425 101

278 540 395 608 Gloria
418 536 563 602 tristifico
587 535 676 601 cuius
698 535 881 621 praefulget
902 537 934 601 in
956 524 1057 605 antro:

277 626 348 694 Sed
369 645 465 706 nunc,
487 628 524 688 ut
545 624 644 709 plone
666 628 734 686 toto
758 623 914 688 clarescat
937 623 971 687 in
992 627 1094 692 otbe‘·
1114 617 1227 704 ⁶33⁶..

273 715 358 782 Eius
379 712 534 777 maiestas
556 728 683 774 necnon
705 709 875 796 praecelsa
896 715 1049 795 potestas,
1124 704 1159 752 ’ἵ
1220 724 1235 769 .·
1303 749 1311 759 -

275 802 294 867 Ι
320 800 386 865 sius
409 817 544 863 suavem
567 795 708 881 supplex
731 816 787 860 oro
810 795 976 880 pietatem,

311 893 325 952 t
347 906 466 972 corpus
487 880 629 967 rigidum
653 882 765 946 iubeat
786 882 985 947 recalescere
1008 905 1131 950 rursum
1312 948 1320 958 ,

276 976 390 1059 Atque
412 990 534 1036 novum
556 966 710 1033 membris
732 967 897 1033 bominem
919 977 1050 1055 reparet
1070 970 1241 1038 redivivis?

275 1061 381 1140 Dixit,
407 1064 442 1122 et
463 1061 610 1120 astantes
632 1054 745 1139 egredi
767 1062 980 1142 praeceperat
1001 1077 1126 1134 omnes;
1411 1076 1417 1085 ·

276 1147 332 1228 Et,
355 1148 520 1232 prostrata
543 1143 612 1207 solo
636 1141 838 1227 fundensque
860 1161 976 1227 preces
996 1143 1203 1229 lacrimando,

278 1231 446 1300 Praestari
466 1229 551 1317 petit
572 1250 592 1293 a
615 1227 744 1293 domino
767 1227 895 1292 veniam
918 1230 1086 1296 sceleroso.

279 1320 343 1386 coi
364 1337 444 1383 mox
468 1316 583 1397 oranti,
606 1315 724 1379 misero
747 1315 911 1401 vitamque
934 1319 1079 1402 precanti

278 1405 428 1491 Angelus
451 1403 601 1467 astiterat
622 1401 953 1488 procumbentemque
975 1403 1115 1489 levabat,

276 1491 448 1559 Praebens
472 1488 640 1574 colloquiis
662 1489 708 1553 illi
732 1488 876 1553 solamen
899 1488 1018 1573 amicis,

277 1579 317 1644 In
339 1578 507 1662 verboque
531 1574 585 1639 dei
606 1576 699 1639 iussit
720 1576 839 1640 virtute
860 1576 986 1662 potenti

276 1665 467 1731 Extinctum
490 1662 597 1727 subito
620 1662 698 1726 flatu
720 1662 840 1726 vixisse
862 1668 1037 1748 resumpto.

278 1752 343 1827 Qui
365 1751 459 1815 citius
482 1748 568 1813 dicto
591 1749 694 1812 iussus
716 1749 855 1813 surrexit
877 1749 917 1813 ab
940 1748 1049 1833 humo,

277 1837 411 1902 Viribus
435 1841 469 1901 et
492 1836 613 1901 cunctis
635 1835 731 1921 plene
754 1834 907 1900 membris
929 1835 1099 1912 restitutis3

277 1923 341 2008 Ac,
365 1922 497 1988 laudum
520 1922 631 1987 dulces
655 1941 809 2006 spargens
831 1942 929 2008 super
950 1922 1085 1987 aethera
1106 1941 1213 2006 voces,

278 2010 396 2075 Grates
419 2009 570 2075 continuo
594 2008 741 2073 solvebat
762 2015 871 2073 mente
894 2009 1032 2073 iocundo
1304 2021 1352 2090 fol.
1365 2027 1415 2078 w

275 2095 413 2180 Christo,
435 2096 551 2161 victori
572 2095 685 2159 mortis
706 2095 858 2182 vitaeque
881 2094 995 2161 datori.

279 2182 361 2248 Inde
386 2182 526 2270 quidem,
550 2182 655 2267 prima
675 2203 805 2268 prorsus
827 2182 931 2247 forma
952 2187 1116 2265 renovata,

279 2269 444 2335 Processit
465 2270 566 2351 virus,
591 2269 646 2354 qui
668 2274 772 2333 morte
795 2269 854 2333 t'uit
875 2268 1044 2354 religatus;

279 2357 400 2443 Atque,
424 2376 482 2420 suo
505 2355 588 2419 tristi
610 2375 645 2419 se
667 2355 904 2440 praesentando
927 2355 1063 2441 parenti,

279 2443 334 2507 Fit
355 2463 407 2507 res
430 2440 602 2527 gaudendi,
625 2441 732 2505 fuerat
754 2443 805 2506 cui
827 2462 924 2507 causa
947 2440 1087 2508 dolendi.

278 2529 364 2594 Hinc
387 2530 501 2594 crebro
525 2529 651 2593 caelum
695 2529 802 2593 ulsans
825 2530 965 2593 clamore
987 2527 1180 2615 profundum

278 2615 388 2680 Utitur
410 2620 444 2680 et
466 2615 584 2698 verbis,
607 2549 746 2679 suadens
769 2614 950 2697 studiosius,
972 2615 1052 2678 istis:

280 2699 435 2785 ‘Credite
457 2700 597 2766 Romani
619 2702 716 2783 cives,
739 2722 829 2786 rogo,
852 2700 974 2766 credite
997 2701 1112 2781 cuncti,

278 2787 361 2853 Esse
384 2787 482 2853 deum
505 2785 667 2852 Christum
688 2807 865 2874 verumque
886 2787 1072 2873 perenniter
1093 2807 1192 2853 unum

281 2873 362 2941 (lum
385 2881 479 2962 patre
502 2875 696 2939 celsithrono
718 2895 843 2938 necnon
866 2895 938 2939 cum
959 2874 1088 2938 flamine
1110 2896 1201 2941 sacro

280 2959 418 3048 Semper
439 2968 641 3046 regnantem,
665 2967 827 3047 sceptrum
850 2960 995 3046 caelique
1018 2966 1198 3039 tenentem;

279 3046 346 3114 Sub
371 3048 492 3113 ditione
514 3069 572 3112 sua
596 3048 650 3135 qui
673 3049 890 3133 complectens
912 3047 1062 3112 universa

279 3132 404 3200 Cuncta
427 3134 654 3220 gubernaculis
677 3135 761 3220 regit
782 3135 947 3200 inmensae
970 3134 1133 3200 bonitatis.

280 3220 344 3286 Hic
368 3227 419 3286 est
441 3221 580 3286 orandus
603 3222 754 3307 solusque
778 3220 931 3286 colendus
954 3220 1124 3297 amandns;

281 3306 344 3380 Qui
366 3309 464 3395 prius,
488 3313 649 3372 errantem
671 3328 798 3373 necnon
819 3327 972 3393 perversa
993 3309 1157 3375 volentem

280 3391 386 3460 Morte
409 3395 577 3481 repentina
599 3395 691 3459 citius
713 3416 766 3459 me
787 3394 1039 3480 praeveniendo,

278 3480 394 3546 Finem
417 3482 570 3546 stultitiae
595 3481 789 3567 dignabatur
811 3480 888 3546 dare
911 3489 1031 3566 tantae,

278 3567 322 3632 Et
343 3574 427 3654 poet,
451 3569 571 3632 erranti
593 3589 682 3654 prom
708 3575 759 3633 tus
781 3568 875 3635 solito
898 3571 1052 3653 misereri,

277 3653 420 3740 Virginis
442 3656 579 3740 Agnetis
602 3591 751 3741 precibus
773 3674 884 3721 sacrae
907 3656 1057 3723 studiosis

278 3739 431 3823 Mollibus,
455 3762 581 3808 cursum
604 3743 690 3806 vitae
713 3741 820 3807 reddit
842 3743 1053 3811 renovatum?

255 3928 308 3983 232
333 3933 442 3984 testifico
468 3931 501 3981 Μ
595 3929 647 3984 298
677 3934 762 3999 egredi
788 3934 878 3999 pcsrat
903 3932 935 3982 M
1031 3931 1083 3985 303
1108 3935 1233 4002 colloquia
1258 3932 1301 3985 M¹

169 3998 223 4054 309
240 4001 352 4053 iocunda
370 4000 451 4053 Celtas
531 3999 582 4053 316
599 4003 721 4054 studiosis
738 4001 771 4052 M
851 3998 901 4053 317
920 4011 1013 4055 cuncte
1030 4002 1062 4052 Μ
1141 4002 1192 4056 322
1208 4004 1302 4071 gnber-

168 4071 250 4122 naclis
270 4068 349 4122 Celtas
425 4069 477 4123 323
495 4087 523 4123 es
540 4070 575 4119 Μ
644 4070 696 4124 325
713 4071 903 4139 praevenientis
916 4071 958 4121 Μι
1033 4068 1084 4123 328
1102 4088 1164 4124 scra
1182 4070 1239 4136 (sic)
1258 4071 1302 4123 M.-

170 4140 284 4199 ccmoei;
301 4147 390 4192 sancte
404 4140 439 4205 p¹
525 4138 577 4192 329
595 4157 699 4193 rursum
716 4143 761 4192 M:
779 4141 882 4192 correxi
898 4141 957 4193 coll.
970 4141 1049 4207 prins.
1061 4143 1111 4191 412

256 4292 305 4347 294
325 4299 359 4364 cs.
378 4297 515 4364 lyessa
611 4295 662 4350 308
686 4299 721 4365 cf.
748 4297 863 4364 Thespis
880 4301 937 4349 297.
1039 4292 1092 4347 314
1113 4295 1148 4361 cf.
1173 4295 1229 4349 Pel.
1246 4299 1298 4351 193

170 4363 222 4418 316
239 4366 273 4431 cf.
291 4364 410 4420 Beato.
497 4365 548 4420 323
566 4364 600 4430 cf.
622 4368 702 4436 (long.
715 4371 770 4421 120.
857 4364 907 4419 327
926 4364 960 4431 cf.
978 4363 1056 4417 Dios.
1071 4367 1110 4417 85.
