2970 4890
224 353 274 407 144
583 351 847 408 fluonsvlrflnr:
865 353 994 409 OPERA.

68 523 128 614 [IX
144 525 197 610 24]
220 525 381 589 inveniret
404 525 546 611 dignum,
565 531 572 604 Ι
591 527 752 589 neminem
780 534 890 591 tamen
917 528 1049 613 sprevit,
1069 526 1074 605 Ι
1092 527 1255 592 neminem
1278 547 1358 592 suae

222 612 329 697 gratia
350 612 481 697 pietatis
496 613 645 697 privarit,
664 617 670 686 l
689 611 748 677 sed
770 632 806 676 ss
821 613 927 698 ipsum
943 613 1076 677 tradidit
1094 620 1100 694 Ι
1119 614 1232 700 suique
1255 613 1357 680 dilec-

222 710 289 761 tem
311 700 453 762 animam
475 718 535 783 pro
559 698 706 762 omnibus
727 699 871 784 posuit!

308 785 539 849 Anononmnns.
585 784 620 848 Si
641 785 796 849 innocens
818 805 883 848 non
898 785 1109 866 occideretur,
1129 789 1134 867 l
1153 804 1250 850 nemo
1272 787 1359 851 inste

221 870 423 935 liberaretur.
444 877 448 951 Ι
1391 900 1403 941 ι

307 956 473 1021 Ioumnss.
517 954 598 1020 Ideo
620 954 786 1020 hominnm
808 977 873 1021 non
890 957 1071 1022 delectatur
1091 958 1124 1022 in
1139 957 1334 1044 perditione,
1353 956 1358 1043 Ι

223 1062 304 1127 qnos
326 1063 384 1106 suo
408 1051 537 1128 emptos
558 1043 704 1106 meminit
725 1045 868 1128 pretioso
891 1046 1084 1130 sanguine!

307 1129 538 1194 Anononmnus.
584 1128 713 1192 Gratias
735 1129 790 1192 illi.

70 1199 205 1328 mffgg·
308 1214 471 1279 Iousmrss.
505 1212 601 1278 Unde
617 1215 689 1278 aliis
704 1214 756 1278 dei
772 1216 910 1299 gretiam
924 1236 989 1280 non
1004 1214 1163 1281 debemus
1176 1212 1358 1300 inridere,l

223 1319 333 1450 qpamd
350 1320 393 1364 ex
419 1301 514 1468 pullis
540 1299 812 1386 praecedentibus
838 1302 961 1366 meritis
994 1303 1027 1367 in
1055 1303 1148 1367 nobis
1177 1299 1358 1386 gaudemus
1376 1329 1403 1370 rc

224 1407 244 1449 a
267 1405 310 1450 un
334 1406 400 1450 are.

309 1471 516 1537 Onnrurcnus.
561 1471 718 1536 Terruisti
740 1493 793 1536 me
816 1474 948 1542 monitu.

306 1557 471 1622 Ionrnnss.
516 1557 568 1621 Ne
584 1565 693 1622 autem
709 1559 771 1622 tuis
792 1562 796 1637 Ι
816 1559 928 1623 videar
950 1559 1045 1622 reniti
1061 1558 1155 1638 votis,
1175 1561 1180 1638 l
1199 1578 1264 1622 non
1287 1578 1357 1621 sus-

222 1644 339 1709 citetur
360 1663 420 1727 per
441 1664 505 1724 me,
527 1643 586 1707 sed
602 1664 661 1729 per
676 1644 879 1725 Drusianam,
901 1654 905 1723 Ι
925 1646 1001 1731 qnia
1017 1644 1059 1708 ad
1081 1644 1144 1708 hoc
1157 1643 1358 1728 implendum

221 1728 326 1795 adeo
349 1731 477 1816 accepit
498 1731 646 1814 gratiam.
668 1733 672 1811 Ι
1378 1759 1402 1798 ιι

153 1818 194 1879 26
307 1815 476 1881 Dnusrnss.
522 1815 640 1880 Divina
664 1817 854 1893 substantia,
875 1818 879 1898 Ι
900 1837 983 1902 quae
1000 1837 1077 1881 vere
1102 1822 1136 1881 ct
1154 1816 1360 1901 singulariter

223 1922 258 1966 es
288 1903 358 1967 sine
387 1903 523 1966 materia
551 1902 665 1983 forma,
696 1907 701 1982 Ι
732 1923 816 1988 quae
847 1903 1011 1967 hominem
1040 1902 1083 1968 ad
1111 1903 1158 1966 tui
1182 1903 1359 1987 imaginem

220 1988 388 2073 plasmasti
419 1992 423 2065 Ι
455 1996 489 2052 et
516 1987 676 2074 plasmato
705 1990 898 2073 spiraculum
928 1992 1015 2054 ritae
1044 1989 1222 2073 inspirasti,
1248 1996 1253 2059 l
1279 1988 1356 2052 iube
1374 1991 1484 2058 sol.1oo

222 2075 391 2139 materiale
416 2096 532 2161 corpus
554 2074 724 2139 Fortunati
744 2074 902 2158 {reducto
923 2077 1031 2140 calore
1053 2077 1086 2140 in
1102 2076 1265 2139 viventem
1289 2074 1358 2138 sni-

221 2182 308 2225 mam
331 2162 447 2225 iterum
469 2162 647 2241 reformari,
668 2163 672 2245 Ι
692 2182 756 2246 quo
784 2163 867 2224 trina
891 2164 993 2226 nostri
1015 2162 1216 2226 resuscitatio
1242 2161 1301 2225 tibi
1324 2161 1357 2225 in
1375 2181 1402 2222 so

222 2247 354 2312 laudem
377 2254 531 2328 vertatur,
554 2249 678 2312 trinitas
700 2247 897 2312 veneranda.

309 2333 476 2398 Iournsss.
521 2335 639 2397 Amen.

153 2412 192 2472 Ἠ
309 2419 477 2484 Dncsnnn.
534 2418 786 2504 Expergiscere,
818 2420 1005 2499 Fortunate,
1037 2422 1041 2502 Ι
1074 2425 1108 2483 et
1128 2420 1216 2483 iussu
1239 2417 1359 2483 Christi

221 2505 398 2570 retinacula
421 2506 533 2569 mortis
555 2505 754 2591 disrumpe!

307 2590 521 2657 Fennonsros.
573 2591 651 2665 Quis
679 2613 730 2656 me
758 2592 963 2677 apprehensa
990 2611 1087 2653 mann
1116 2591 1240 2655 erexit?
1260 2597 1265 2666 l
1285 2590 1356 2674 quis
1375 2611 1399 2651 ss

220 2697 345 2757 vocem,
369 2685 404 2741 nt
426 2698 640 2761 resurgerem,
665 2678 773 2743 dedit?
795 2699 799 2754 ι

306 2764 469 2828 Ionsnnns.
514 2764 711 2849 Drusianal

306 2849 522 2916 Fonrcrurus.
567 2850 653 2914 Num
676 2872 729 2915 me
753 2851 918 2915 suscitavit
940 2848 1122 2912 Drusiana?
1142 2847 1146 2931 Ι

306 2936 468 3001 Ionsnnss.
514 2936 625 3021 ipsa!

306 3020 522 3087 Fonrnnnnos.
567 3022 683 3087 Nonne
711 3030 786 3086 ante
814 3022 937 3107 aliquot
969 3019 1038 3084 dies
1059 3020 1222 3104 inprovisa
1250 3023 1354 3083 morte
1374 3042 1400 3080 so

220 3107 328 3171 luerat
350 3114 558 3192 consumpta?
578 3111 583 3188 Ι

307 3193 471 3257 Ionsnsss.
517 3195 563 3256 nt
585 3194 663 3256 vivit
684 3194 718 3256 in
740 3192 878 3256 Christo.

69 3284 204 3348 cautos
308 3278 523 3343 Fosrunnros.
578 3278 620 3342 Et
654 3300 709 3342 cur
744 3286 853 3342 manet
885 3277 1088 3342 Oalimachus
1114 3277 1118 3360 Ι
1144 3276 1234 3360 gravi
1265 3274 1354 3338 vultu

219 3363 394 3436 modestus,
415 3364 500 3445 lnce
522 3366 658 3449 perfurit
680 3365 773 3429 solito
797 3386 886 3429 more
907 3371 912 3443 l
930 3365 963 3427 in
987 3382 1098 3427 amore
1120 3361 1322 3426 Drusianae?
1349 3360 1352 3445 l

308 3450 473 3514 Ionlnnss.
508 3450 602 3529 Quia,
619 3471 793 3536 anequcm
808 3452 987 3515 intentione
1003 3455 1243 3531 transmutatus,
1258 3447 1352 3532 lvere
1371 3469 1397 3510 ιι

221 3542 270 3599 est
293 3534 412 3599 Christi
435 3537 619 3622 discipulus.
640 3537 644 3620 Ι

304 3622 519 3688 Fonrunnrus.
564 3622 648 3688 Non.

306 3707 468 3771 lonsssns.
513 3710 631 3775 Etiam.

303 3930 365 3984 isa
384 3934 467 3999 ipsum
486 3934 605 3985 omnibus
623 3933 728 3984 tradidit
745 3931 776 3981 Μ
853 3930 870 3982 6
889 3933 908 3981 Ι.
927 3931 954 3981 ἰιι
972 3931 997 3981 h.
1016 3946 1067 3981 non
1084 3928 1134 3979 del.
1152 3929 1179 3980 in
1197 3925 1285 3992 (crac,
1303 3944 1352 3978 cor.

213 4000 247 4066 p)
266 4005 334 4068 perd.
354 4002 394 4052 dl:
417 4004 516 4054 conexi
534 4005 592 4054 coll.
611 4003 702 4054 Aona
719 4002 761 4064 §4
779 3999 825 4066 (of.
848 4001 924 4052 ctiam
942 4015 973 4063 p.
987 3997 1080 4060 1423)
1180 3995 1212 4048 14
1237 4012 1282 4063 por
1299 3993 1350 4063 mo]

219 4087 264 4136 pro
282 4089 323 4123 me
341 4071 383 4120 Μι
402 4071 460 4137 (per
478 4073 570 4136 comp.)
660 4069 693 4122 15
710 4073 771 4137 fort.
791 4070 907 4136 accipiet.
994 4065 1029 4118 23
1047 4067 1213 4133 Experiscsre
1232 4065 1294 4131 di¹p

307 4239 336 4292 li
360 4242 393 4306 cf.
417 4241 497 4307 Pasa.
515 4244 545 4293 13
565 4241 618 4304 §.t
689 4240 723 4306 cs.
744 4255 802 4305 yon.
825 4243 848 4302 1,
862 4240 896 4288 27
917 4244 943 4288 et
964 4236 1063 4288 creavit
1084 4236 1148 4287 deus
1166 4236 1295 4286 hominem
1318 4234 1353 4285 ad

217 4311 355 4377 imaginem
373 4327 460 4370 ιιιιιιιι,Ι
479 4314 504 4375 2,
517 4315 531 4360 7
546 4318 573 4361 st
589 4310 724 4376 inspiravit
740 4309 767 4359 in
785 4307 876 4359 faciem
894 4307 950 4359 cius
967 4304 1127 4373 spiraculum
1144 4305 1222 4356 vitas.
