2970 4890
608 326 663 381 11.
682 324 786 383 Marta.

235 500 355 575 ‘Quare
380 501 540 564 lactantes
561 503 686 562 tantum
708 497 887 563 bactabitis
909 502 997 561 artus

232 588 273 654 In
294 606 357 670 me,
380 587 533 652 virtutem
555 586 669 672 capitis
691 606 752 650 nec
773 590 883 650 mente
905 590 1104 671 perennem?

233 674 387 749 Quamvis
408 672 557 738 humanis
580 673 639 737 sim
662 693 780 758 parvus
801 671 973 736 homuncio
996 671 1159 753 membris,

232 761 291 826 Vir
312 768 424 825 tamen
447 760 650 846 omnipotens
673 779 797 823 summo
821 779 891 823 sum
914 759 1044 823 numine
1067 759 1203 846 pollens,

234 846 402 914 (londeoet
425 852 533 932 atque,
556 845 642 910 laras
665 847 766 931 silvae
788 865 1014 910 mansuescere
1038 851 1169 911 cunctas

232 934 288 1000 Me
311 955 431 1015 coram,
454 932 545 998 rabie
570 931 701 997 dimissa
723 934 784 997 rite
806 931 937 1019 priore.²

276 1022 356 1087 Post
376 1021 458 1085 haec
481 1020 704 1105 magnanimes
727 1041 799 1084 cunr
821 1018 931 1104 pardis
952 1038 1092 1104 namque
1115 1019 1227 1084 leones

234 1107 369 1174 Necnon
391 1108 603 1192 cunctigenae
625 1113 785 1171 venerunt
806 1106 948 1192 undique
970 1105 1087 1188 lectae,
1257 1122 1365 1190 foere*

234 1195 280 1260 Ut
301 1214 443 1277 sensere,
467 1194 556 1259 ferae
579 1193 704 1279 prolem
728 1193 859 1258 factoris
882 1191 1009 1274 adesse,

234 1282 372 1347 Orantes
394 1300 530 1368 puerum
554 1280 713 1346 submissa
735 1299 815 1345 voce
838 1279 1003 1357 tenellum,

127 1447 130 1451 ¹
234 1366 328 1433 Circa
350 1369 552 1456 praeclaram
575 1366 756 1452 gaudentes
778 1372 876 1452 atque
899 1365 1045 1430 Mariam.

236 1453 342 1528 Quam
365 1474 462 1541 super
483 1454 611 1518 insolito
635 1454 834 1539 pavitantem
859 1451 998 1554 denique
1021 1451 1113 1537 signo

232 1541 366 1606 Laetius
387 1541 531 1623 intuitus,
554 1541 656 1605 fertur
678 1542 724 1605 sic
747 1539 855 1605 dicere
880 1537 1041 1604 Obrutus:

234 1628 319 1693 ‘Non
340 1633 385 1710 te,
407 1628 509 1713 virgo,
532 1646 624 1712 rogo,
647 1628 783 1714 pollens,
830 1627 949 1691 enitrix
971 1645 1045 1689 mea
1067 1643 1152 1705 cars,

235 1714 432 1779 Permoveat
455 1713 538 1801 signi
559 1714 686 1778 novitas
709 1734 785 1778 carn
820 1715 881 1778 ‘ter
903 1712 989 1792 almi,

236 1801 392 1887 Obsequii
414 1802 484 1865 sola
506 1800 639 1865 veniunt
661 1802 743 1865 istae
768 1801 843 1887 qnia
865 1818 973 1879 causa,

233 1887 308 1952 Non
330 1886 417 1974 quod
438 1893 472 1952 te
494 1887 617 1951 vellent
638 1887 691 1952 vel
714 1887 821 1952 saltim
843 1885 975 1951 laedere
999 1880 1155 1985 possent.³

233 1974 296 2039 His
318 1994 446 2060 quoqne
470 1973 618 2039 discessit
641 1974 733 2039 dictis
757 1973 906 2056 angustia
927 1970 1043 2049 cordis,

235 2062 281 2127 At
303 2081 379 2126 vero
401 2061 518 2126 belvae
541 2060 784 2147 praecedebant
805 2059 890 2125 bene
914 2060 1032 2136 laetae,

236 2146 497 2214 Demonstrando
520 2147 607 2212 riam
630 2168 690 2233 per
712 2147 832 2212 deserti
855 2148 927 2211 loca
949 2151 1086 2218 rectam;

238 2234 304 2300 Sed
327 2256 388 2300 neo
410 2236 573 2301 nocturnis
596 2234 791 2299 discesserat
811 2234 878 2298 ulla
900 2233 960 2297 sub
982 2232 1080 2312 horis,

238 2320 304 2386 Sed
327 2322 401 2387 Iose
425 2322 447 2386 b
469 2322 582 2409 pecori
604 2321 746 2386 sociatae
769 2325 879 2385 mente
902 2319 990 2384 fideli

238 2407 348 2474 Oblita
369 2343 459 2473 rabie
482 2410 686 2494 naturalique
708 2408 817 2473 furore

235 2493 396 2561 Pacifioae
419 2495 538 2560 modici
560 2495 735 2580 gustabant
756 2514 878 2581 pascua
901 2491 996 2556 loeni.

235 2580 325 2646 Inter
347 2603 427 2668 quas
451 2603 529 2667 ergo
552 2583 658 2647 fuerat
682 2581 853 2648 concordia
876 2586 976 2656 tanta,

236 2668 282 2733 Ut
304 2668 466 2755 quondam
491 2668 595 2735 timidi
617 2671 753 2734 iunxere
776 2669 860 2755 lupis
881 2668 966 2731 latus
989 2669 1075 2754 agni,

236 2754 279 2819 Et
300 2756 437 2822 bovibus
461 2757 557 2821 mites
579 2757 665 2822 bene
689 2774 899 2820 conmansere
921 2754 1044 2820 leones.

239 2841 306 2906 Sed
327 2864 390 2907 non
412 2843 577 2907 inmerito:
602 2844 764 2908 caelorum
788 2863 854 2928 pax
877 2842 953 2927 quia
974 2863 1062 2926 vera,

238 2928 309 3003 Quo
332 2931 416 3015 regit
437 2931 628 3011 inmensum,
652 2929 791 2994 firmavit
813 2928 957 3010 loedere,
982 2930 1118 3012 caelum,

236 3015 367 3080 Illarum
390 3025 517 3081 mentes
540 3022 664 3082 mutato
688 3036 778 3081 more
801 3015 924 3080 fideles.

280 3101 360 3168 Post
381 3103 464 3169 haec
486 3105 644 3189 pausavit,
667 3103 766 3168 radiis
789 3102 908 3167 lassata
931 3102 1046 3168 caloris

237 3189 371 3273 Aestivi,
395 3210 470 3255 cara
492 3191 620 3275 palmae
643 3190 746 3254 Maria
769 3189 828 3254 sub
851 3189 976 3272 umbra,
1262 3202 1375 3270 solra*

237 3275 281 3340 Et
301 3297 426 3341 rursum
448 3279 549 3342 versis
573 3278 666 3343 claris
689 3277 817 3362 aspexit
841 3276 961 3352 ocellis,

239 3362 409 3429 Fructibus
431 3363 515 3428 hanc
536 3365 677 3451 palmam
700 3363 834 3429 maturis
857 3383 928 3427 esse
951 3362 1116 3426 refertam.

238 3449 299 3514 His
321 3450 397 3514 visis
419 3450 531 3536 lingua
552 3451 703 3515 formavit
725 3451 803 3515 talia
824 3450 939 3514 verba:

240 3536 346 3601 ‘Istius
368 3538 498 3623 palmae
520 3538 652 3602 nimium
677 3536 823 3602 delector
845 3541 992 3616 onustae,

240 3622 274 3688 si
295 3625 380 3710 potis
403 3629 454 3689 cst
475 3624 555 3706 fieri,
580 3623 621 3689 de
644 3625 747 3689 fructu
772 3623 911 3709 denique
933 3620 1043 3686 vesci.²

215 3779 264 3833 731
279 3760 333 3846 ldre
351 3781 386 3833 ds
398 3780 465 3846 (sore
483 3781 512 3832 in
529 3783 584 3844 lere
603 3799 670 3832 corr.
689 3798 722 3830 m.
734 3780 772 3845 2),
789 3760 844 3830 lbra
858 3796 893 3844 p,·
911 3780 946 3861 cs.
962 3773 1266 3856 o.727(Pr.-Mcub.1d

128 3855 198 3904 sarae
210 3867 298 3903 omnes
311 3852 452 3907 silvarum:
465 3855 495 3902 19
506 3852 579 3903 varia
590 3867 686 3916 genera
700 3849 824 3913 ferarum)
881 3846 931 3900 730
943 3848 1053 3899 intuitur
1065 3845 1107 3895 Μι
1165 3840 1216 3895 738
1228 3861 1266 3894 ur·

130 3949 207 3998 nunt
224 3945 258 3996 rr
341 3943 393 3997 rae
415 3918 491 3998 adnm
515 3944 566 4005 rr,
591 3945 682 3996 aarum
700 3945 762 4008 ne
855 3936 1265 4006 741b01vaesorpsiuflrac.

129 4015 228 4079 metr.),·
244 4015 337 4067 beluae
353 4033 393 4081 op.
474 4011 525 4065 744
543 4014 648 4080 Siosepb
666 4013 708 4063 M¹
797 4010 848 4064 746
866 4014 964 4065 modice
982 4010 1017 4062 ds
1082 4007 1133 4061 747
1151 4026 1216 4076 quos
1234 4007 1268 4059 M

129 4084 181 4138 750
189 4100 242 4151 sqq.
266 4084 371 4135 &tinxi
394 4092 418 4135 et
441 4083 568 4148 explicavi
589 4079 673 4135 scbcd.
692 4084 747 4134 crit.
763 4087 837 4147 p.18
855 4099 885 4134 eo
903 4081 1004 4134 Boctdr's'
1022 4081 1118 4133 consol.
1136 4076 1267 4130 Priuer

129 4173 150 4206 c.
162 4159 231 4218 6,47
245 4162 271 4205 et
288 4171 340 4218 qno
358 4154 459 4205 caelum
477 4154 545 4220 ragis
564 4153 724 4214 immensum,
742 4153 817 4203 firma
835 4152 940 4205 stabiles
958 4151 1059 4202 loedere
1077 4158 1158 4201 terras

217 4267 268 4321 730
290 4272 324 4336 cf.
348 4270 419 4320 Mur.
432 4271 490 4321 618.
593 4267 643 4319 7313
667 4270 701 4334 cs.
727 4268 801 4317 Mar.
817 4270 871 4319 513.
972 4263 1020 4316 747
1047 4266 1081 4330 os.
1105 4263 1266 4324 baloneo

134 4340 248 4405 (solado
261 4355 291 4404 p.
303 4338 400 4404 38¹¹⁸).
