2970 4890
138 4066 177 4105 145

604 338 660 393 14.
680 338 816 408 Pelopiae.

244 508 335 573 ‘Non
355 510 447 591 latet,
470 511 605 595 imperio
627 531 723 595 reges
747 510 956 575 succumbere
978 520 1098 593 nostro,

244 594 368 660 Vivere
390 602 571 660 nostrarum
593 617 718 661 necnon
740 596 962 661 moderamine
985 598 1094 681 legum

248 680 382 764 Omnes,
406 703 546 747 oceanus
569 690 684 765 gentes
708 703 787 767 quas
811 684 922 747 circuit
944 684 1037 747 altus.

249 766 320 832 Sed
341 788 424 853 quae
448 768 603 832 Gallicios
625 770 744 833 retinet
765 767 883 833 fiducia
906 776 1027 854 captos,

247 853 378 938 Nescio,
401 855 560 940 gratiolae
583 861 737 940 respuant
759 861 796 918 ut
818 855 953 919 foedera
975 862 1104 920 nostrae

247 939 293 1003 Et
315 939 446 1005 tandem
471 941 590 1005 veteris
612 942 675 1004 sint
697 942 815 1025 ingrati
837 943 976 1027 pictatis.

246 1025 375 1107 Restat,
398 1034 433 1091 ut
456 1028 587 1090 armatis
609 1034 796 1113 repetamus
820 1029 939 1113 qnippe
961 1028 1091 1092 lacertis

250 1110 414 1193 Gallicios‚
437 1113 548 1176 hostes
572 1113 724 1196 agitando
747 1115 831 1177 forte
853 1114 1004 1192 rebelles,

248 1197 364 1263 Donec
387 1220 430 1263 ex
452 1199 569 1262 nostris
592 1201 683 1262 strati
709 1220 768 1285 per
791 1201 922 1263 saecula
944 1201 1016 1265 telis

247 1283 344 1349 Inviti
367 1287 484 1348 nostris
508 1286 708 1349 summittant
732 1286 815 1350 colla
837 1286 985 1350 catenisi’

293 1370 386 1435 Haec
433 1379 579 1455 ostquam
603 1372 702 1436 iactat
717 1392 912 1458 causamque
936 1372 1001 1436 doli
1016 1369 1230 1453 memorabat,

249 1456 347 1520 Iussit
369 1392 513 1521 collectis
536 1459 651 1542 vulgus
675 1479 864 1523 concurrere
887 1460 1009 1540 turmis,

245 1542 419 1606 Armorum
441 1545 538 1607 variis
560 1545 749 1609 instructum
772 1544 912 1629 denique
936 1546 1044 1627 signis,

246 1629 406 1714 Pergerct
428 1636 464 1693 ut
486 1637 618 1714 gentem
643 1653 752 1696 secum
776 1631 886 1694 delere
909 1630 1050 1713 fidelem,

248 1714 463 1801 ostentatque
486 1738 579 1781 auum
600 1726 764 1802 gemmato
787 1716 911 1780 casside
934 1719 1067 1800 vultum,

246 1802 370 1867 Ferrea
392 1803 519 1867 lascivis
542 1805 698 1889 inponens
722 1803 867 1887 tegmina
889 1804 1051 1867 membris.

248 1889 320 1952 Tali
343 1910 480 1974 cumque
503 1890 611 1954 locum
633 1896 762 1975 peteret
785 1909 905 1974 pompa
927 1899 1141 1956 memoratum

247 1973 291 2038 Et
313 1981 445 2059 gentem
469 1975 572 2060 primo
596 1981 771 2060 temptaret
795 1976 933 2061 deniqne
957 1976 1055 2057 bello,

247 2060 414 2147 Extimplo
437 2067 562 2125 tantum
586 2063 716 2125 sortitur
737 2082 877 2147 namque
901 2062 1107 2148 triumphum,

248 2146 293 2210 Ut
314 2147 378 2211 iam
400 2149 451 2212 bia
474 2168 567 2211 senos
590 2168 653 2210 una
676 2169 748 2212 cum
772 2149 916 2232 principe
940 2157 1052 2233 captos

246 2231 308 2297 Illa
331 2240 408 2297 neat
431 2235 576 2314 comites,
600 2234 676 2296 artis
699 2235 890 2319 stringitque
914 2237 1045 2299 catenis.

323 2341 350 2382 rs
372 2340 542 2405 procerum
567 2318 713 2404 dampnis
735 2341 854 2404 magna
876 2321 1005 2385 feritate
1028 2319 1159 2406 paratis,
1270 2331 1317 2398 sol.
1330 2335 1381 2382 41¹

250 2404 356 2469 Cessit
377 2407 462 2469 victa
485 2407 550 2469 suis
573 2405 727 2469 fidissima
750 2427 829 2489 gens
851 2407 997 2486 inimicis,

249 2490 403 2556 Subditur
425 2499 523 2577 atque
546 2492 622 2575 iugo
645 2494 791 2576 perversi
813 2493 898 2575 regis
920 2493 1043 2577 iniquo;

248 2577 337 2642 Tunc
359 2585 540 2642 restaurato
564 2599 672 2641 rursus
696 2599 824 2662 quoqne
847 2577 980 2642 foedere
1003 2579 1117 2664 primo,

246 2663 339 2727 Loris
362 2664 542 2749 procedunt
564 2666 663 2728 vincti
687 2666 821 2728 comites
845 2663 985 2727 duodeni

248 2749 328 2815 Cum
352 2752 540 2836 concaptivo
563 2752 640 2815 vieti
661 2756 787 2814 rectore
811 2749 940 2834 popelli.

249 2835 313 2909 Qui
335 2837 427 2900 citius
449 2838 562 2902 vinclis
586 2837 801 2901 dissolvuntur
823 2836 982 2914 resolutis,

247 2922 401 3008 Exempti
423 2924 574 3008 propriae
596 2924 702 3008 pretio
725 2942 825 3006 gazac
848 2942 1030 3002 numeroso,

248 3008 316 3073 Sed
338 3008 428 3073 ducis
452 3019 501 3073 est
523 3011 662 3094 pretinm
685 3010 772 3072 iussu
794 3009 881 3091 regis
905 3007 1113 3093 duplicatum,

247 3094 341 3159 Ultra
364 3117 460 3180 quam
484 3097 621 3181 propriis
644 3102 756 3180 posset
778 3095 965 3180 persolvere
988 3095 1090 3178 gazis;

248 3179 394 3265 Cumque
417 3184 466 3245 sui
489 3203 584 3246 causa
606 3183 676 3265 regi
700 3181 842 3245 deferret
865 3201 974 3262 avaro,

248 3266 407 3353 Quicquid
429 3268 551 3332 habere
576 3268 663 3331 domi
686 3269 815 3331 sibimet
837 3269 943 3331 suevit
963 3267 1107 3353 pretiosi,

248 3352 334 3416 Casu
356 3353 494 3417 condicti
516 3375 650 3438 parvum
674 3354 751 3439 quid
774 3353 877 3417 deluit
899 3355 977 3419 auri.

249 3437 344 3512 Quod
367 3461 426 3503 rex
443 3442 628 3517 sentiscens,
652 3441 799 3504 fraudem
815 3461 943 3525 quoque
965 3445 1075 3503 mente
1091 3438 1272 3519 revolvens,

247 3524 339 3589 Dixit
360 3527 446 3589 nolle
471 3526 584 3590 ducem
608 3528 728 3611 populo
753 3526 915 3590 dimittere
940 3525 1077 3605 dulcem,

247 3610 289 3676 Ni
310 3613 399 3697 prius
422 3611 576 3676 indictum
600 3613 696 3698 plene
720 3614 825 3676 solvat
848 3614 908 3677 sibi
931 3633 1063 3676 censum
1086 3646 1128 3656 -

247 3697 322 3762 Non
344 3699 455 3762 sitiens
479 3706 603 3762 tantum
627 3700 732 3784 pretii,
756 3698 842 3783 quod
867 3698 979 3777 defuit,
1003 3718 1126 3778 aurum,

248 3783 410 3857 Quantum
432 3792 592 3849 rectorem
615 3787 725 3870 populi
748 3787 847 3868 gestit
870 3785 948 3848 dare
971 3785 1075 3847 morti.

293 3870 353 3934 Oui
374 3873 481 3935 fuerat
503 3879 597 3935 natus
620 3872 777 3957 praeclari
801 3873 953 3956 germinis
975 3891 1056 3933 unus

250 3955 345 4021 Omni
367 3958 549 4043 praenitida
573 3965 757 4041 compostus
781 3979 917 4041 corpore
941 3958 1052 4031 forma,

249 4041 386 4108 Nomine
410 4046 570 4128 Pelagius,
595 4045 718 4108 formae
742 4044 914 4128 splendore
939 4043 1084 4123 decorus,

759 4169 1275 4183 ——...——.-

231 4246 278 4298 104
296 4251 435 4301 succnbera
455 4250 499 4309 d!;
518 4253 552 4317 cf.
570 4249 624 4299 iud.
644 4249 755 4314 ortbogr.
828 4247 878 4300 134
896 4264 973 4315 gazas
991 4248 1064 4314 ΜΨ
1136 4246 1186 4298 136
1203 4248 1271 4310 Que-

140 4315 205 4380 qnid
223 4315 264 4366 M:
281 4321 392 4380 coma&
410 4321 444 4387 cf.
463 4320 518 4370 ind.
534 4336 644 4385 gramm.
733 4315 784 4368 143
802 4318 853 4380 Qui
871 4317 914 4367 M¹
