2970 4890
594 321 834 391 iseo-qum

236 497 316 566 Sed
339 494 444 559 tristia
466 495 613 558 meritam
636 497 753 560 mentis
776 497 983 582 mitigaverat
1004 501 1085 564 iram

287 584 455 667 Princeps
477 579 667 666 Gongollus,
690 583 813 647 arbiter
834 586 995 670 egregius,

116 704 160 744 ω
239 669 426 750 Mandane,
448 675 485 731 ut
506 669 637 753 propria
659 667 860 734 damnandus
883 672 1017 737 clericus
1040 693 1117 758 ergo

288 755 461 842 Expulsus
483 755 590 818 subito
613 764 767 841 pergeret
790 778 808 820 e
832 759 948 843 patria,

239 845 322 920 Quo
346 863 407 907 sua
427 841 588 905 finetenus
609 842 694 905 mala
717 841 854 907 defleret
874 847 1065 927 scelerosus,

291 929 449 997 Seclnsns
471 928 578 1014 patria
600 936 634 992 et
657 927 752 992 datus
775 930 885 1009 exilio,

243 1018 292 1083 Et
316 1016 418 1080 donat
438 1017 590 1079 miseram
614 1016 727 1079 veniae
751 1017 922 1081 miseratus
944 1017 1079 1097 honore,

291 1103 390 1168 Ultra
411 1101 471 1165 sed
492 1102 622 1187 proprio
646 1123 710 1166 non
733 1103 820 1166 locat
841 1104 874 1166 in
897 1104 1050 1169 thalamo.

243 1244 330 1308 Post
353 1239 434 1303 baec
457 1238 609 1322 Gongolli
631 1238 718 1302 fama
741 1247 906 1303 crescente
929 1241 1029 1316 beati,

292 1325 474 1391 Laudatrix
497 1326 583 1388 ritae
607 1345 691 1410 quae
714 1326 774 1389 fuit
796 1326 966 1405 almificae,

244 1413 367 1478 Vaffer
389 1411 545 1496 deceptor
566 1412 731 1475 hominum
755 1420 931 1498 captorque
954 1435 1095 1495 reorum,

292 1498 456 1563 Evolvens
480 1498 576 1562 bilem
600 1497 740 1562 invidiae
762 1506 918 1579 veterem,

246 1584 433 1652 Fraudibus
457 1586 637 1668 omnigenis
660 1587 811 1670 antiquae
836 1585 1019 1651 calliditatis

294 1672 482 1758 Temptavit
504 1672 623 1735 lamam
647 1692 806 1737 evacuare
829 1673 959 1753 bonam,

245 1759 301 1824 Ne
325 1779 414 1844 gens,
438 1758 590 1843 exemplo
613 1759 671 1822 tali
693 1764 849 1845 tantoque
873 1781 978 1839 suasa,

293 1847 380 1909 Ante
403 1844 544 1930 superba
566 1866 624 1908 sua
647 1845 730 1909 colla
753 1844 845 1909 daret
868 1845 1007 1911 domino.

248 1933 413 2018 Tempore
436 1940 512 1995 tune
534 1932 631 2015 longo
655 1930 784 1996 sudavit
805 1931 917 1997 fraude
941 1934 1083 2017 maligna

295 2017 444 2082 Laedere
467 2019 635 2088 famosum.
659 2039 719 2082 nee
741 2019 851 2099 ualuit,
875 2019 1036 2093 duculum,

249 2105 290 2169 In
314 2105 399 2169 soles
422 2105 497 2190 quia
519 2105 743 2189 multo-magis
766 2107 814 2168 vis
838 2108 938 2170 crevit
960 2107 1078 2171 amoris

295 2190 386 2256 Illius
408 2191 518 2276 magni
541 2190 689 2254 cordibus
712 2193 744 2256 in
766 2194 886 2278 populi.

250 2328 423 2393 Postremo
446 2327 567 2392 fraudis
589 2328 742 2392 miserum
766 2328 978 2394 circumdedit
1000 2329 1107 2408 ermis,

296 2415 402 2489 Quem
425 2415 556 2479 sceleris
580 2435 677 2479 causa
699 2416 840 2500 reppulit
864 2437 882 2480 e
904 2417 1020 2503 patria,

253 2501 425 2586 Sanguinis
447 2502 596 2587 huncque
620 2503 672 2565 siti
695 2503 785 2566 iussit
808 2503 935 2567 fervere
958 2500 1100 2588 superbi,

293 2587 364 2653 Nec
385 2590 476 2653 scivit
499 2589 629 2673 proprio
652 2609 786 2673 parcere
810 2589 874 2652 iam
898 2588 1037 2654 domino.

251 2675 324 2738 Tali
347 2676 484 2740 suffusus
508 2676 613 2739 subito
637 2696 708 2738 eum
733 2675 808 2739 selle
832 2676 975 2740 misellus

295 2762 333 2825 In
355 2770 493 2826 mortem
516 2763 590 2826 iusti
613 2768 742 2825 aestuat
764 2768 862 2847 atque
884 2763 930 2848 pii

249 2847 310 2926 Ac,
333 2850 424 2934 parili
447 2855 600 2933 repetens
623 2869 762 2932 ganeam
786 2849 916 2913 feritate
939 2849 1125 2933 malignam,

294 2934 346 2998 llli
367 2935 501 3000 nudavit
524 2935 640 3015 omnia,
665 2955 748 3019 quae
772 2935 904 3013 studuit,

250 3019 348 3086 Ocius
370 3023 462 3101 baec,
486 3023 554 3086 eius
576 3023 682 3106 pravis
706 3020 799 3107 (beu)
824 3021 952 3086 subdita
975 3021 1068 3097 votis,

296 3107 324 3172 Ο
349 3111 438 3188 tavit,
463 3109 555 3173 citius
578 3110 642 3172 iam
665 3108 735 3173 fieri
757 3109 890 3189 facinus,

250 3129 369 3258 Tendit
391 3203 424 3259 et
445 3195 578 3259 insidias
599 3195 682 3259 iusto
707 3197 790 3260 clem
813 3216 931 3281 nempe
954 3192 1121 3271 nefandas,

294 3281 458 3346 Inmemor
480 3283 631 3367 antiquae
656 3282 725 3363 (ab)
749 3283 879 3368 penitus
902 3283 1028 3364 veniae,

253 3366 324 3440 Qua
347 3389 382 3433 se
406 3369 446 3433 de
470 3389 577 3455 poena
599 3369 693 3432 solvit
714 3370 778 3432 iam
801 3370 862 3433 rite
884 3367 1030 3456 paranda

292 3453 362 3520 Nec
384 3457 505 3541 patitur
527 3457 625 3520 vitam
647 3463 751 3519 morte
775 3457 881 3541 perire
907 3477 1011 3530 ream;

248 3539 309 3604 His
331 3543 459 3627 ingrata
482 3544 586 3628 magis
609 3544 695 3606 socio
720 3545 882 3607 consensit
904 3544 1012 3628 iniquo

293 3627 472 3716 Servilique
496 3630 572 3714 lupa
594 3630 695 3693 uritur
716 3630 866 3714 igniculo.

250 3711 396 3801 Cumque
418 3717 529 3802 polum
553 3722 682 3801 tegeret
704 3716 846 3780 tenebris
869 3736 935 3779 nox
958 3713 1087 3778 conscia
1109 3710 1241 3792 fraudis,

132 3825 175 3866 seo
295 3801 403 3867 Sensit
426 3802 632 3888 dampnanda
654 3809 782 3888 tempus
805 3804 911 3867 inesse
934 3803 1020 3887 lupa,

225 3971 277 4027 427
290 3977 432 4028 scelerorns
445 3977 477 4026 M
538 3975 589 4027 428
602 3979 645 4028 Set
657 3977 731 4028 lusus
744 3976 786 4026 M:
799 3993 866 4026 corr.
880 3975 988 4026 Borocl·
1050 3972 1106 4026 429
1119 3978 1223 4028 miserat
1234 3975 1266 4026 M
1268 3975 1276 4006 ¹

133 4046 189 4100 433
208 4047 309 4110 decepti
326 4046 360 4096 M
443 4043 495 4098 434
512 4047 603 4097 inuidii
622 4046 656 4095 Μ
738 4043 789 4096 438
807 4043 882 4109 colla!
900 4044 935 4094 M

226 4182 277 4234 424
296 4185 389 4236 ironice
408 4185 490 4236 Prud.
509 4185 587 4250 atepb.
600 4187 623 4242 3,
635 4188 667 4235 86
684 4185 737 4236 dux
758 4186 847 4245 bonus,
867 4185 962 4235 arbiter
974 4184 1101 4251 egregius.
1172 4178 1223 4231 432
1241 4182 1275 4247 cs.

135 4255 202 4306 ader.
228 4254 264 4303 od
290 4254 369 4320 eosq.
388 4259 445 4307 304.
533 4252 583 4304 444
606 4272 685 4305 musa
707 4255 809 4305 sceleris
833 4251 917 4318 (penit.
942 4253 1077 4320 epeaeeyet.)
1101 4253 1117 4302 i.
1135 4269 1155 4303 e.
1183 4251 1276 4305 scelus,-

135 4327 173 4392 εί.
195 4323 342 4390 (leucate.
429 4322 481 4376 455
498 4325 531 4390 cs.
553 4324 699 4390 Gou9.375.
788 4321 838 4373 459
857 4325 891 4389 cf.
911 4323 993 4389 Gonq.
1005 4326 1061 4374 419.
