2970 4890
554 322 919 394 ranem-epm.

282 494 492 583 Conspexere
513 515 606 560 suam
627 516 686 582 pro
709 494 837 562 Christo
860 498 1104 567 martirizatam:

167 609 208 652 ua
279 583 310 649 A
334 581 456 648 dextris
479 582 567 646 euius
589 582 663 648 nire
686 582 852 649 candidior
873 586 964 649 stetit
985 606 1096 671 agnus.

280 668 370 742 Quos
391 668 507 733 merito
530 666 605 733 fidei
628 669 721 733 seivit
742 668 857 755 dignos
879 673 1037 752 venerari,

280 754 407 820 Blando
429 755 512 820 eollo
535 755 596 819 uiis
618 755 691 819 illos
713 755 831 822 affatur
852 757 973 839 amieis,

279 842 415 907 Dicens:
437 776 598 906 ‘GauMete
620 861 747 907 meeum
769 842 960 928 gratsrlando
983 863 1191 932 persarum,

280 929 359 994 Sum
383 928 459 1013 quia
479 928 608 992 luciflua
630 929 716 1013 regis
739 931 889 995 caelestis
911 930 1040 995 insula

278 1013 464 1100 Virginibus
487 1014 585 1078 saeris
609 1017 732 1079 sociata
754 1017 940 1116 perenniter
961 1017 1040 1081 istis.

278 1100 323 1165 Et
342 1121 426 1165 nuno
448 1101 482 1165 in
504 1101 602 1165 oaalis
624 1100 670 1164 illi
693 1121 868 1187 eonrungor
889 1104 1007 1168 amoris

279 1186 445 1274 Amplexu
467 1185 562 1269 dulei,
586 1207 683 1272 quem
705 1208 835 1275 semper
856 1196 966 1255 mente
988 1189 1077 1254 fideli

279 1274 318 1338 In
339 1274 434 1338 terris
457 1274 551 1355 solui,
575 1273 707 1358 cupiens
729 1275 798 1339 sine
821 1275 884 1340 fine
906 1275 1012 1341 tueri.²
1304 1296 1353 1364 for,
1367 1300 1418 1350 nv

278 1359 339 1425 His
360 1361 461 1446 igitru
482 1359 575 1425 dietis
598 1359 874 1443 subitodisoessit
896 1363 937 1427 ab
960 1362 1033 1427 illis.

280 1445 352 1528 Qui,
375 1448 508 1512 nimium
529 1447 609 1511 laeti
631 1452 721 1511 tanto
744 1447 900 1512 solamine
923 1448 1010 1530 laeti,

280 1532 451 1598 Sioeabant
473 1534 621 1598 lacrimas
643 1553 741 1618 super
763 1535 832 1598 eius
854 1542 958 1599 morte
981 1535 1117 1615 refusas,

278 1619 322 1684 Et
343 1619 456 1685 laudes
480 1619 608 1684 domino
632 1620 816 1706 psallebant
837 1640 918 1686 vooe
942 1642 1069 1701 canora,

279 1705 343 1779 Qui
388 1711 440 1770 ost
462 1705 541 1771 dura
563 1707 628 1770 suis
650 1707 764 1771 tribuit
785 1708 961 1772 certamina
983 1709 1101 1772 sanctis

279 1728 431 1858 TestiMus
455 1799 608 1857 aeternae
632 1793 810 1859 elementer
832 1795 978 1879 praemia
1001 1795 1099 1860 vitae.

668 1895 804 1961 AMEN.

452 2236 664 2304 EXPLICIT
686 2237 822 2303 LIBER
844 2239 1022 2306 PRIMUS.

529 2339 698 2405 INCIPIT
721 2340 952 2407 SECUNDUS

375 2425 645 2493 DRAMA'IICA
668 2427 799 2493 sumu
822 2426 1100 2496 CONTEXTUS.

257 2549 363 2614 Huius
386 2569 516 2613 omnem
538 2550 707 2616 materiam
731 2551 814 2615 sieut
841 2556 874 2614 et
901 2551 1016 2636 prioris
1039 2550 1185 2636 opusculi
1207 2550 1306 2614 sumai

172 2637 215 2702 ab
246 2637 384 2722 antiquis
416 2635 505 2700 libris
604 2637 663 2701 sub
695 2638 789 2702 certis
818 2643 985 2702 suetorum
1016 2637 1197 2701 nominibus
1228 2657 1305 2701 oon-

173 2724 309 2810 seriptis,
391 2729 531 2809 exeepta
553 2725 698 2809 superius
721 2725 842 2810 scripta
864 2725 1015 2809 passione
1039 2725 1141 2788 saneti
1165 2722 1308 2808 Pelagii;

228 2811 317 2875 euius
333 2809 451 2873 seriem
467 2811 601 2874 martirii
674 2808 804 2896 quidam
819 2808 975 2891 eiusdem,
992 2811 1025 2873 in
1040 2830 1103 2895 qua
1118 2830 1230 2896 passus
1244 2815 1304 2889 est,

172 2895 326 2982 indigena
348 2896 486 2960 civitatis
508 2897 586 2960 mihi
609 2897 767 2982 exposuit,
849 2897 903 2982 qui
925 2897 1030 2982 ipsum
1053 2895 1304 2982 pulcherrimum
1323 2925 1335 2964 s

171 2986 313 3050 virorum
340 3002 376 3047 se
399 2981 516 3047 vidisse
605 2988 638 3047 et
661 2984 784 3047 exitum
806 2984 854 3047 rei
876 2988 1048 3047 attestatus
1076 2989 1125 3047 est
1147 2982 1306 3048 veraciter

171 3070 354 3156 agnovisse.
446 3067 557 3149 Unde,
587 3069 615 3132 si
644 3068 721 3155 quid
746 3071 780 3133 in
806 3076 943 3156 utroque
973 3069 1122 3134 falsitatis
1153 3067 1304 3135 dictando

171 3155 413 3306 eomprehfplndi
499 3176 565 3219 non
588 3175 632 3219 ex
646 3177 720 3221 meo
737 3155 848 3238 fefelli,
936 3155 994 3221 sed
1010 3156 1159 3222 fallentes
1173 3156 1304 3222 inoaute

170 3244 297 3309 imitata
355 3243 375 3307 ἰ.

258 3432 310 3486 445
327 3434 368 3484 Ad
386 3434 419 3484 M
504 3431 731 3485 4491ueiflu0n1

260 3519 276 3572 3
295 3537 409 3587 suponus
427 3519 458 3570 M
543 3517 561 3570 4
578 3521 680 3571 martini
698 3520 801 3585 quidem
820 3519 853 3570 M

259 3691 312 3745 450
330 3694 364 3760 os.
382 3692 452 3743 Mor.
468 3695 523 3745 285.
610 3689 663 3744 452
680 3692 714 3759 os.
734 3691 802 3759 Aqn.
814 3696 873 3758 260,
887 3694 966 3758 prim.
979 3695 1039 3746 360.

259 3776 343 3831 2aub
361 3781 436 3831 sortia
454 3788 589 3832 suetorum
607 3779 768 3831 nominibus:
786 3779 820 3846 cs.
835 3795 950 3845 prooem.
