2970 4890
575 327 750 394 munau
770 324 879 381 osone.

267 498 331 562 Pro
356 498 422 562 diei
442 503 554 562 tantae
576 517 691 583 pacem
713 499 872 583 portantis
894 499 1016 565 honore

269 582 453 664 Gondoluit,
476 585 633 649 miserans
656 584 748 648 fratri
771 586 941 650 commissa
963 586 1088 667 fatenti,

266 669 376 756 Atque
399 692 490 735 suam
512 672 565 757 pie
587 670 758 755 gratiolam
781 673 939 737 concessit
960 672 1146 738 habendam

268 757 321 820 Illi
344 778 416 821 cum
439 758 554 821 reniae
579 756 697 822 dilecto
720 777 855 822 munere
878 759 1012 845 plenae;

267 843 402 908 Necnon
426 849 499 929 post
521 844 644 929 aliquot
667 845 763 929 spatii
785 845 987 930 tempuscula
1009 847 1101 931 parvi
1238 862 1295 915 (us)

267 929 285 994 I
309 930 373 994 sius
394 930 456 994 iuri
478 950 631 1016 proceres
653 930 865 995 subiunxerat
887 952 999 996 omnes

298 1036 430 1081 amosee
453 1017 587 1080 nimium
609 1017 715 1101 gentis
737 1015 971 1100 Baioariorum,

266 1102 284 1167 Ι
309 1124 379 1167 sum
401 1123 521 1187 nempe
546 1102 661 1167 ducem
683 1104 801 1167 merito
825 1103 973 1168 faciendo
995 1109 1177 1189 potentem:

299 1194 312 1252 t
332 1194 407 1274 post
428 1189 511 1252 baec
533 1188 617 1252 ultra
640 1188 746 1253 fuerat
769 1188 929 1255 discordia
949 1190 1038 1254 nulla

267 1274 357 1340 Inter
380 1295 447 1356 eos,
471 1275 584 1339 animis
606 1275 748 1339 fraterno
772 1275 906 1340 foedere
927 1276 1052 1341 innotis.
1240 1293 1295 1343 (sse)

268 1361 459 1447 Araresque
507 1382 542 1426 er
563 1361 648 1426 bunc
670 1362 761 1425 saevi
783 1363 972 1448 saepissime
995 1362 1081 1442 victi,

267 1448 348 1512 Post
369 1448 452 1513 baec
475 1383 603 1512 duonis
626 1468 763 1533 regnum
785 1449 872 1531 regis
896 1449 1074 1534 spatiosum

271 1533 348 1598 Non
370 1534 504 1599 laedunt
526 1535 599 1598 telis
622 1540 775 1599 consueto
799 1554 889 1599 more
912 1535 1062 1615 cruentis,

270 1619 420 1705 Tangere
444 1641 505 1685 neo
528 1621 752 1706 contingentes
774 1620 896 1686 sudent
917 1622 1076 1702 nationes,

269 1705 323 1771 Ex
344 1712 469 1772 terrore
493 1706 582 1772 ducis
605 1707 687 1771 tanti
707 1707 839 1772 nimium
862 1707 1061 1780 tremefacti;
1237 1720 1295 1773 (4⁵⁵)

267 1791 332 1858 Hic
355 1794 440 1879 quia,
462 1793 630 1879 prudentis
652 1795 780 1858 functus
801 1792 978 1858 valitudine
1001 1793 1130 1874 mentis,

268 1878 329 1943 His
352 1879 517 1945 bominum
540 1880 690 1944 monstris
712 1879 807 1944 bellis
830 1880 963 1945 obstans
984 1880 1109 1945 iteratis

268 1964 324 2030 Ad
346 1987 406 2031 nos
428 1965 586 2053 pergendi
610 1966 708 2030 calles
731 1967 910 2031 secluserat
933 1987 1055 2030 omnes.
1311 1977 1360 2044 fot
1372 1981 1438 2032 141*

269 2051 409 2138 Insuper
432 2059 466 2116 et
488 2053 619 2138 primus,
644 2052 762 2117 Christi
783 2054 957 2118 munimine
981 2058 1078 2132 tutus,

269 2137 440 2204 Audenter
463 2159 535 2202 cum
558 2139 723 2204 subiectae
746 2139 851 2225 plebis
875 2139 1004 2224 legione
1239 2147 1297 2202 tuo)

269 2223 424 2289 Eiusdem
448 2225 559 2311 populi
582 2225 719 2311 patriam
742 2226 836 2312 petiit
858 2226 1021 2308 scelerosi,

270 2310 457 2397 inpugnans
481 2317 612 2396 gentem
636 2313 757 2376 cunctis
779 2318 866 2376 retro
888 2331 1028 2397 namque
1051 2308 1209 2374 rebellem
1216 2329 1224 2382 ;

271 2397 410 2476 Scilicet,
435 2404 468 2462 et
491 2398 601 2484 spoliis
623 2418 730 2462 rerum
755 2399 856 2484 captis
879 2399 1049 2479 variarum,

139 2550 149 2578 ,
271 2483 359 2557 Ques
382 2484 443 2549 sibi
467 2505 653 2549 communes
676 2484 878 2569 collegerunt
899 2485 986 2570 prius
1008 2484 1119 2547 hostes

272 2569 367 2635 Orbis
390 2571 558 2656 perplures
582 2569 789 2635 devastantes
812 2571 972 2655 regiones,
1237 2578 1296 2628 (⁴⁸⁵)

268 2654 398 2721 Uxores
420 2676 600 2742 procerum,
625 2656 754 2721 soboles
775 2657 883 2742 rapuit
906 2676 1033 2741 quoque
1057 2652 1185 2718 dulces:

268 2740 312 2806 nt
333 2744 378 2807 sic
400 2744 566 2829 prostratis
589 2743 685 2808 rediit
707 2742 853 2828 gaudens
876 2743 1018 2807 inimicis.

316 2828 391 2893 Istis
414 2830 460 2895 sio
481 2829 610 2905 habitis,
634 2836 808 2916 properata
831 2829 957 2894 diecula
978 2827 1078 2892 tristis

268 2914 423 2998 Venerat,
446 2916 613 3001 ingentem
635 2916 752 2981 nostris
774 2915 924 3001 augendo
949 2914 1103 2993 dolorem,

268 3000 310 3064 In
332 3022 395 3087 qua
417 3003 627 3088 praefulgens
648 3003 772 3067 meritis
793 3002 906 3087 regina
929 3001 1087 3086 supremis
1238 3015 1296 3070 (ero)

269 3086 370 3152 Aedit
391 3091 572 3173 praesentis
595 3090 681 3153 ritae
706 3089 852 3154 discessit
873 3088 915 3153 ab
938 3088 1034 3170 horis,

268 3172 285 3236 I
309 3174 373 3238 sius
396 3176 532 3259 imperio
554 3176 645 3261 genti
667 3176 788 3241 faciens
811 3175 981 3239 famulanti

296 3261 442 3325 ustitiam
467 3282 591 3327 necnon
612 3262 744 3326 nimium
769 3261 873 3326 cordis
896 3261 1073 3327 cruciatum

265 3344 344 3410 Eius
366 3348 400 3412 in
423 3347 591 3423 abscessu;
613 3369 731 3433 magno
756 3369 852 3434 quam
876 3348 1015 3435 denique
1037 3347 1136 3428 luctu,

266 3431 310 3496 Et
330 3455 394 3499 non
417 3434 578 3517 inmerito,
600 3436 689 3500 flevit
711 3436 884 3521 plebecula
907 3441 1032 3515 cuncta,
1238 3445 1295 3499 (⁴²⁶)

267 3517 371 3591 Quam
394 3521 467 3605 plus
490 3528 656 3585 maternae
679 3522 759 3586 fovit
781 3523 911 3608 pietatis
934 3540 1055 3603 amore,

244 3688 296 3743 378
313 3695 465 3759 Auarosqne
477 3692 519 3744 M¹
539 3695 617 3756 (corr.
629 3694 747 3761 rubrio),
763 3697 931 3760 Auareosqne
938 3711 960 3760 p
1028 3691 1081 3746 379
1098 3693 1193 3745 ottonis
1204 3691 1241 3743 ric
1251 3690 1295 3746 M:

158 3759 301 3879 ΨΜ
315 3765 373 3813 616.
388 3766 445 3814 700.
462 3766 505 3814 719
573 3761 625 3815 386
642 3766 746 3816 nemine
764 3764 806 3814 M:
825 3764 941 3824 conexi,-
957 3765 992 3830 of.
1011 3763 1080 3830 Apes
1093 3763 1295 3829 238,9α1.726,

182 3829 283 3882 medae.
307 3829 391 3881 caco.
415 3848 436 3882 c.
454 3835 524 3895 2,13
547 3829 590 3896 (P.
607 3832 633 3884 0.
655 3841 714 3885 tom.
735 3833 790 3884 ΙΙΙ
803 3852 833 3899 p.
849 3835 892 3900 61)
914 3835 940 3885 in
963 3833 1027 3884 solio
1050 3832 1176 3884 recubans
1198 3829 1294 3882 Christi

157 3899 300 4019 munimfiipte
322 3907 392 3964 tuta,
413 3900 589 4021 pgptabdeoeo
603 3902 704 4021 {5170
727 3901 770 3966 (P.
790 3902 817 3953 C.
841 3912 899 3954 tous.
918 3902 938 3952 Ι
941 3899 967 3953 V
979 3918 1009 3967 p.
1025 3902 1068 3956 50)
1093 3901 1190 3952 domini
1211 3899 1295 3952 muni-

157 3984 226 4020 mrne
295 3985 327 4020 us
483 3987 590 4022 reeesn

245 4101 358 4171 dldsqq.
371 4107 406 4172 cs.
418 4105 500 4158 K.·D.
509 4121 539 4170 p.
551 4110 604 4159 160.
674 4105 726 4159 378
736 4124 788 4173 sqq.
800 4107 963 4174 saepissime:
979 4107 1017 4157 bis
1029 4102 1075 4172 (es.
1088 4104 1294 4170 K..D.p.1ro¹‚

158 4177 206 4226 181
214 4174 275 4241 tob·
293 4175 325 4227 de
343 4176 409 4226 bello
421 4173 574 4241 Huuqorr‘eo
593 4193 617 4227 u.
627 4180 676 4228 954
688 4185 712 4228 et
724 4181 775 4229 965
786 4176 837 4229 Ην.
856 4183 939 4227 tacere
952 4177 1008 4226 lure
1019 4176 1131 4225 mirmur
1143 4173 1249 4239 Koepke
1261 4171 1300 4224 ῙῙ

153 4260 184 4310 p.
196 4248 249 4295 114.
337 4242 449 4310 395449.
472 4245 507 4310 cs.
525 4243 607 4296 K.-D.
620 4263 650 4310 p.
661 4250 712 4297 146
720 4262 757 4311 eq.
844 4243 896 4297 395
919 4247 954 4311 cf.
969 4253 1032 4310 pest.
1046 4248 1097 4296 126.
1184 4240 1236 4295 999
1258 4243 1294 4311 ef.

159 4321 221 4380 qest.
235 4315 289 4365 127.
359 4311 410 4365 409
420 4330 456 4379 aq.
475 4313 509 4381 es.
523 4314 603 4380 prinu
615 4317 666 4366 421
674 4331 711 4380 aq.
