<?xml version="1.0" encoding="UTF-8"?>
<!DOCTYPE html PUBLIC "-//W3C//DTD XHTML 1.0 Transitional//EN"
    "http://www.w3.org/TR/xhtml1/DTD/xhtml1-transitional.dtd">
<html xmlns="http://www.w3.org/1999/xhtml" xml:lang="en" lang="en">
 <head>
  <title>
</title>
<meta http-equiv="Content-Type" content="text/html;charset=utf-8" />
  <meta name='ocr-system' content='tesseract 3.04.00' />
  <meta name='ocr-capabilities' content='ocr_page ocr_carea ocr_par ocr_line ocrx_word'/>
</head>
<body>
  <div class='ocr_page' id='page_1' title='image "./hrotsvithaeoper00hrotgoog/hrotsvithaeoper00hrotgoog_0076.png"; bbox 0 0 2970 4890; ppageno 0'>
   <div class='ocr_carea' id='block_1_1' title="bbox 617 339 853 412">
    <p class='ocr_par' dir='ltr' id='par_1_1' title="bbox 617 339 853 412">
     <span class='ocr_line' id='line_1_1' title="bbox 617 339 853 412; baseline 0.004 -17"><span class='ocrx_word' id='word_1_1' title='bbox 617 341 673 395; x_wconf 84' lang='lat'>13.</span> <span class='ocrx_word' id='word_1_2' title='bbox 696 339 853 412; x_wconf 57' lang='lat' dir='ltr'>menso.</span> 
     </span>
    </p>
   </div>
   <div class='ocr_carea' id='block_1_2' title="bbox 271 512 1124 1188">
    <p class='ocr_par' dir='ltr' id='par_1_2' title="bbox 271 512 1124 861">
     <span class='ocr_line' id='line_1_2' title="bbox 271 512 1094 600; baseline 0.005 -23"><span class='ocrx_word' id='word_1_3' title='bbox 271 512 351 599; x_wconf 92' lang='lat' dir='ltr'>Ipso</span> <span class='ocrx_word' id='word_1_4' title='bbox 376 512 430 597; x_wconf 93' lang='lat' dir='ltr'>qui</span> <span class='ocrx_word' id='word_1_5' title='bbox 452 533 582 577; x_wconf 89' lang='lat' dir='ltr'>mensas</span> <span class='ocrx_word' id='word_1_6' title='bbox 606 512 741 600; x_wconf 79' lang='lat' dir='ltr'><strong>dapibus</strong></span> <span class='ocrx_word' id='word_1_7' title='bbox 764 523 888 600; x_wconf 92' lang='lat' dir='ltr'>ponunt</span> <span class='ocrx_word' id='word_1_8' title='bbox 909 516 1094 591; x_wconf 84' lang='lat' dir='ltr'>honeratas,</span> 
     </span>
     <span class='ocr_line' id='line_1_3' title="bbox 317 598 1050 668; baseline 0.007 -5"><span class='ocrx_word' id='word_1_9' title='bbox 317 598 496 664; x_wconf 88' lang='lat' dir='ltr'>Poscentes</span> <span class='ocrx_word' id='word_1_10' title='bbox 519 598 652 664; x_wconf 91' lang='lat' dir='ltr'>tandem</span> <span class='ocrx_word' id='word_1_11' title='bbox 675 601 801 667; x_wconf 91' lang='lat' dir='ltr'>solvere</span> <span class='ocrx_word' id='word_1_12' title='bbox 824 622 896 666; x_wconf 90' lang='lat' dir='ltr'>sero</span> <span class='ocrx_word' id='word_1_13' title='bbox 921 602 1050 668; x_wconf 89' lang='lat' dir='ltr'>famem.</span> 
     </span>
     <span class='ocr_line' id='line_1_4' title="bbox 274 685 1124 773; baseline 0.005 -22"><span class='ocrx_word' id='word_1_14' title='bbox 274 685 345 751; x_wconf 82' lang='lat' dir='ltr'>Sed</span> <span class='ocrx_word' id='word_1_15' title='bbox 366 686 454 771; x_wconf 90' lang='lat' dir='ltr'>prius</span> <span class='ocrx_word' id='word_1_16' title='bbox 475 686 649 750; x_wconf 83' lang='lat' dir='ltr'><strong>invalidam</strong></span> <span class='ocrx_word' id='word_1_17' title='bbox 673 689 763 751; x_wconf 92' lang='lat' dir='ltr'>iussit</span> <span class='ocrx_word' id='word_1_18' title='bbox 785 688 962 773; x_wconf 82' lang='lat' dir='ltr'>procedere</span> <span class='ocrx_word' id='word_1_19' title='bbox 986 691 1124 771; x_wconf 90' lang='lat' dir='ltr'>turbam,</span> 
     </span>
     <span class='ocr_line' id='line_1_5' title="bbox 318 771 1055 861; baseline 0.009 -27"><span class='ocrx_word' id='word_1_20' title='bbox 318 771 422 846; x_wconf 87' lang='lat' dir='ltr'>Quam</span> <span class='ocrx_word' id='word_1_21' title='bbox 445 774 551 838; x_wconf 89' lang='lat' dir='ltr'>suevit</span> <span class='ocrx_word' id='word_1_22' title='bbox 573 793 685 837; x_wconf 91' lang='lat' dir='ltr'>mensa</span> <span class='ocrx_word' id='word_1_23' title='bbox 707 795 841 858; x_wconf 90' lang='lat' dir='ltr'>pascere</span> <span class='ocrx_word' id='word_1_24' title='bbox 866 796 964 861; x_wconf 89' lang='lat' dir='ltr'>saepe</span> <span class='ocrx_word' id='word_1_25' title='bbox 987 798 1055 858; x_wconf 86' lang='lat' dir='ltr'>sua,</span> 
     </span>
    </p>

    <p class='ocr_par' dir='ltr' id='par_1_3' title="bbox 272 859 1103 1188">
     <span class='ocr_line' id='line_1_6' title="bbox 272 859 1032 946; baseline 0.005 -23"><span class='ocrx_word' id='word_1_26' title='bbox 272 859 324 924; x_wconf 83' lang='lat' dir='ltr'>Aa</span> <span class='ocrx_word' id='word_1_27' title='bbox 345 860 483 945; x_wconf 88' lang='lat' dir='ltr'>propriis</span> <span class='ocrx_word' id='word_1_28' title='bbox 505 860 577 945; x_wconf 93' lang='lat' dir='ltr'>ipsa</span> <span class='ocrx_word' id='word_1_29' title='bbox 599 861 745 925; x_wconf 90' lang='lat' dir='ltr'>manibus</span> <span class='ocrx_word' id='word_1_30' title='bbox 769 863 864 946; x_wconf 91' lang='lat' dir='ltr'>plene</span> <span class='ocrx_word' id='word_1_31' title='bbox 888 870 1032 927; x_wconf 89' lang='lat' dir='ltr'>saturata</span> 
     </span>
     <span class='ocr_line' id='line_1_7' title="bbox 318 944 998 1033; baseline 0.007 -24"><span class='ocrx_word' id='word_1_32' title='bbox 318 944 361 1009; x_wconf 85' lang='lat' dir='ltr'>Se</span> <span class='ocrx_word' id='word_1_33' title='bbox 384 945 514 1010; x_wconf 87' lang='lat' dir='ltr'>tandem</span> <span class='ocrx_word' id='word_1_34' title='bbox 539 967 651 1010; x_wconf 88' lang='lat' dir='ltr'>mensa</span> <span class='ocrx_word' id='word_1_35' title='bbox 673 949 816 1033; x_wconf 91' lang='lat' dir='ltr'>applicat</span> <span class='ocrx_word' id='word_1_36' title='bbox 838 951 998 1033; x_wconf 89' lang='lat' dir='ltr'>apposita.</span> 
     </span>
     <span class='ocr_line' id='line_1_8' title="bbox 273 1032 1103 1120; baseline 0.007 -25"><span class='ocrx_word' id='word_1_37' title='bbox 273 1032 480 1098; x_wconf 77' lang='lat' dir='ltr'>Accumbunt</span> <span class='ocrx_word' id='word_1_38' title='bbox 502 1035 625 1117; x_wconf 90' lang='lat' dir='ltr'>pariter</span> <span class='ocrx_word' id='word_1_39' title='bbox 646 1033 773 1114; x_wconf 86' lang='lat' dir='ltr'>Franci,</span> <span class='ocrx_word' id='word_1_40' title='bbox 797 1055 856 1120; x_wconf 90' lang='lat' dir='ltr'>per</span> <span class='ocrx_word' id='word_1_41' title='bbox 878 1037 1007 1100; x_wconf 91' lang='lat' dir='ltr'>moenia</span> <span class='ocrx_word' id='word_1_42' title='bbox 1030 1037 1103 1119; x_wconf 88' lang='lat' dir='ltr'>fusi,</span> 
     </span>
     <span class='ocr_line' id='line_1_9' title="bbox 321 1117 1092 1188; baseline 0.006 -6"><span class='ocrx_word' id='word_1_43' title='bbox 321 1117 496 1183; x_wconf 85' lang='lat' dir='ltr'>Gustantes</span> <span class='ocrx_word' id='word_1_44' title='bbox 519 1118 656 1184; x_wconf 77' lang='lat' dir='ltr'>bachica</span> <span class='ocrx_word' id='word_1_45' title='bbox 678 1141 812 1184; x_wconf 90' lang='lat' dir='ltr'>munera</span> <span class='ocrx_word' id='word_1_46' title='bbox 834 1121 969 1188; x_wconf 86' lang='lat' dir='ltr'>laetitia.</span> <span class='ocrx_word' id='word_1_47' title='bbox 1090 1166 1092 1172; x_wconf 89' lang='lat'><em>-</em></span> 
     </span>
    </p>
   </div>
   <div class='ocr_carea' id='block_1_3' title="bbox 272 1255 1169 1776">
    <p class='ocr_par' dir='ltr' id='par_1_4' title="bbox 274 1255 1043 1428">
     <span class='ocr_line' id='line_1_10' title="bbox 274 1255 1000 1340; baseline 0.006 -21"><span class='ocrx_word' id='word_1_48' title='bbox 274 1255 406 1320; x_wconf 76' lang='lat' dir='ltr'>Interea</span> <span class='ocrx_word' id='word_1_49' title='bbox 427 1277 575 1320; x_wconf 91' lang='lat' dir='ltr'>somnum</span> <span class='ocrx_word' id='word_1_50' title='bbox 598 1256 685 1321; x_wconf 93' lang='lat' dir='ltr'>sidus</span> <span class='ocrx_word' id='word_1_51' title='bbox 711 1257 871 1322; x_wconf 81' lang='lat' dir='ltr'>suadebat</span> <span class='ocrx_word' id='word_1_52' title='bbox 894 1279 1000 1340; x_wconf 91' lang='lat' dir='ltr'>eoum,</span> 
     </span>
     <span class='ocr_line' id='line_1_11' title="bbox 319 1341 1043 1428; baseline 0.006 -22"><span class='ocrx_word' id='word_1_53' title='bbox 319 1341 396 1407; x_wconf 84' lang='lat' dir='ltr'>Nox</span> <span class='ocrx_word' id='word_1_54' title='bbox 417 1344 522 1408; x_wconf 88' lang='lat' dir='ltr'>vicina</span> <span class='ocrx_word' id='word_1_55' title='bbox 544 1344 654 1428; x_wconf 84' lang='lat' dir='ltr'>nigras</span> <span class='ocrx_word' id='word_1_56' title='bbox 678 1350 711 1409; x_wconf 93' lang='lat' dir='ltr'>et</span> <span class='ocrx_word' id='word_1_57' title='bbox 733 1345 859 1409; x_wconf 82' lang='lat' dir='ltr'><strong>minitat</strong></span> <span class='ocrx_word' id='word_1_58' title='bbox 880 1346 1043 1427; x_wconf 91' lang='lat' dir='ltr'>tenebras,</span> 
     </span>
    </p>

    <p class='ocr_par' dir='ltr' id='par_1_5' title="bbox 274 1427 1123 1602">
     <span class='ocr_line' id='line_1_12' title="bbox 274 1427 1123 1517; baseline 0.006 -25"><span class='ocrx_word' id='word_1_59' title='bbox 274 1427 385 1513; x_wconf 79' lang='lat' dir='ltr'>Atque</span> <span class='ocrx_word' id='word_1_60' title='bbox 408 1431 500 1514; x_wconf 87' lang='lat' dir='ltr'>quies</span> <span class='ocrx_word' id='word_1_61' title='bbox 523 1431 636 1515; x_wconf 87' lang='lat' dir='ltr'>epulas</span> <span class='ocrx_word' id='word_1_62' title='bbox 660 1430 765 1495; x_wconf 91' lang='lat' dir='ltr'>subito</span> <span class='ocrx_word' id='word_1_63' title='bbox 790 1432 988 1517; x_wconf 81' lang='lat' dir='ltr'>sequebatur</span> <span class='ocrx_word' id='word_1_64' title='bbox 1010 1435 1123 1515; x_wconf 91' lang='lat' dir='ltr'>amica,</span> 
     </span>
     <span class='ocr_line' id='line_1_13' title="bbox 319 1515 1008 1602; baseline 0.006 -23"><span class='ocrx_word' id='word_1_65' title='bbox 319 1515 461 1601; x_wconf 85' lang='lat' dir='ltr'>Serpens</span> <span class='ocrx_word' id='word_1_66' title='bbox 483 1537 543 1602; x_wconf 88' lang='lat' dir='ltr'>per</span> <span class='ocrx_word' id='word_1_67' title='bbox 565 1517 712 1581; x_wconf 88' lang='lat' dir='ltr'>membra</span> <span class='ocrx_word' id='word_1_68' title='bbox 735 1518 893 1583; x_wconf 86' lang='lat' dir='ltr'>ebrietate</span> <span class='ocrx_word' id='word_1_69' title='bbox 918 1519 1008 1583; x_wconf 91' lang='lat' dir='ltr'>data:</span> 
     </span>
    </p>

    <p class='ocr_par' dir='ltr' id='par_1_6' title="bbox 272 1600 1169 1776">
     <span class='ocr_line' id='line_1_14' title="bbox 272 1600 1169 1690; baseline 0.008 -26"><span class='ocrx_word' id='word_1_70' title='bbox 272 1600 350 1665; x_wconf 84' lang='lat' dir='ltr'>Dux</span> <span class='ocrx_word' id='word_1_71' title='bbox 371 1604 443 1688; x_wconf 88' lang='lat' dir='ltr'>pins</span> <span class='ocrx_word' id='word_1_72' title='bbox 464 1603 643 1667; x_wconf 88' lang='lat' dir='ltr'>insomnem</span> <span class='ocrx_word' id='word_1_73' title='bbox 668 1606 776 1690; x_wconf 85' lang='lat' dir='ltr'>coepit</span> <span class='ocrx_word' id='word_1_74' title='bbox 799 1605 1007 1671; x_wconf 85' lang='lat' dir='ltr'>transducere</span> <span class='ocrx_word' id='word_1_75' title='bbox 1031 1613 1169 1687; x_wconf 91' lang='lat' dir='ltr'>noctem,</span> 
     </span>
     <span class='ocr_line' id='line_1_15' title="bbox 317 1687 1053 1776; baseline 0.005 -24"><span class='ocrx_word' id='word_1_76' title='bbox 317 1687 447 1754; x_wconf 90' lang='lat' dir='ltr'>Intenta</span> <span class='ocrx_word' id='word_1_77' title='bbox 471 1687 636 1754; x_wconf 91' lang='lat' dir='ltr'>dominum</span> <span class='ocrx_word' id='word_1_78' title='bbox 659 1711 739 1755; x_wconf 90' lang='lat' dir='ltr'>voce</span> <span class='ocrx_word' id='word_1_79' title='bbox 763 1691 926 1776; x_wconf 88' lang='lat' dir='ltr'>precando</span> <span class='ocrx_word' id='word_1_80' title='bbox 950 1714 1053 1758; x_wconf 87' lang='lat' dir='ltr'>suum.</span> 
     </span>
    </p>
   </div>
   <div class='ocr_carea' id='block_1_4' title="bbox 277 1824 1125 2000">
    <p class='ocr_par' dir='ltr' id='par_1_7' title="bbox 277 1824 1125 2000">
     <span class='ocr_line' id='line_1_16' title="bbox 277 1824 1125 1909; baseline 0.005 -21"><span class='ocrx_word' id='word_1_81' title='bbox 277 1824 357 1890; x_wconf 85' lang='lat' dir='ltr'>Post</span> <span class='ocrx_word' id='word_1_82' title='bbox 380 1847 454 1891; x_wconf 91' lang='lat' dir='ltr'>uam</span> <span class='ocrx_word' id='word_1_83' title='bbox 477 1848 544 1891; x_wconf 80' lang='lat' dir='ltr'>uox</span> <span class='ocrx_word' id='word_1_84' title='bbox 567 1829 672 1892; x_wconf 87' lang='lat' dir='ltr'>scissis</span> <span class='ocrx_word' id='word_1_85' title='bbox 696 1826 841 1892; x_wconf 85' lang='lat' dir='ltr'>discessit</span> <span class='ocrx_word' id='word_1_86' title='bbox 864 1830 949 1893; x_wconf 91' lang='lat' dir='ltr'>victa</span> <span class='ocrx_word' id='word_1_87' title='bbox 972 1829 1125 1909; x_wconf 90' lang='lat' dir='ltr'>tenebris,</span> 
     </span>
     <span class='ocr_line' id='line_1_17' title="bbox 320 1847 1104 2000; baseline 0.004 -23"><span class='ocrx_word' id='word_1_88' title='bbox 320 1847 386 1997; x_wconf 61' lang='lat' dir='ltr'>(Eth</span> <span class='ocrx_word' id='word_1_89' title='bbox 410 1914 466 1978; x_wconf 84' lang='lat' dir='ltr'>lux</span> <span class='ocrx_word' id='word_1_90' title='bbox 491 1921 561 1978; x_wconf 87' lang='lat' dir='ltr'>orta</span> <span class='ocrx_word' id='word_1_91' title='bbox 583 1915 713 2000; x_wconf 85' lang='lat' dir='ltr'>plagam</span> <span class='ocrx_word' id='word_1_92' title='bbox 738 1915 883 1979; x_wconf 86' lang='lat' dir='ltr'>cinxerat</span> <span class='ocrx_word' id='word_1_93' title='bbox 906 1916 1104 1997; x_wconf 81' lang='lat' dir='ltr'>aetheream,</span> 
     </span>
    </p>
   </div>
   <div class='ocr_carea' id='block_1_5' title="bbox 274 1996 1148 2325">
    <p class='ocr_par' dir='ltr' id='par_1_8' title="bbox 274 1996 1148 2325">
     <span class='ocr_line' id='line_1_18' title="bbox 274 1996 956 2102; baseline 0.007 -41"><span class='ocrx_word' id='word_1_94' title='bbox 274 1996 443 2064; x_wconf 84' lang='lat' dir='ltr'>Venerunt</span> <span class='ocrx_word' id='word_1_95' title='bbox 464 2001 558 2085; x_wconf 90' lang='lat' dir='ltr'>pueri</span> <span class='ocrx_word' id='word_1_96' title='bbox 581 2002 719 2065; x_wconf 91' lang='lat' dir='ltr'>tironum</span> <span class='ocrx_word' id='word_1_97' title='bbox 743 2009 829 2065; x_wconf 91' lang='lat' dir='ltr'>sorte</span> <span class='ocrx_word' id='word_1_98' title='bbox 852 2004 956 2102; x_wconf 91' lang='lat' dir='ltr'>potiti,</span> 
     </span>
     <span class='ocr_line' id='line_1_19' title="bbox 320 2085 905 2168; baseline 0.007 -20"><span class='ocrx_word' id='word_1_99' title='bbox 320 2085 489 2151; x_wconf 87' lang='lat' dir='ltr'>Portantes</span> <span class='ocrx_word' id='word_1_100' title='bbox 512 2088 578 2152; x_wconf 90' lang='lat' dir='ltr'>cari</span> <span class='ocrx_word' id='word_1_101' title='bbox 601 2087 751 2153; x_wconf 88' lang='lat' dir='ltr'>ealciolas</span> <span class='ocrx_word' id='word_1_102' title='bbox 775 2087 905 2168; x_wconf 85' lang='lat' dir='ltr'>domini,</span> 
     </span>
     <span class='ocr_line' id='line_1_20' title="bbox 275 2168 1148 2325; baseline 0.003 -92"><span class='ocrx_word' id='word_1_103' title='bbox 275 2168 318 2233; x_wconf 81' lang='lat' dir='ltr'>Et</span> <span class='ocrx_word' id='word_1_104' title='bbox 339 2172 466 2256; x_wconf 90' lang='lat' dir='ltr'>pulsant</span> <span class='ocrx_word' id='word_1_105' title='bbox 488 2175 595 2237; x_wconf 90' lang='lat' dir='ltr'>aulam</span> <span class='ocrx_word' id='word_1_106' title='bbox 618 2176 721 2239; x_wconf 92' lang='lat' dir='ltr'>noctis</span> <span class='ocrx_word' id='word_1_107' title='bbox 744 2195 801 2259; x_wconf 93' lang='lat' dir='ltr'>pro</span> <span class='ocrx_word' id='word_1_108' title='bbox 825 2181 972 2325; x_wconf 87' lang='lat' dir='ltr'>tempore</span> <span class='ocrx_word' id='word_1_109' title='bbox 997 2174 1148 2252; x_wconf 89' lang='lat' dir='ltr'>clausam,</span> 
     </span>
    </p>
   </div>
   <div class='ocr_carea' id='block_1_6' title="bbox 273 2256 1407 3212">
    <p class='ocr_par' dir='ltr' id='par_1_9' title="bbox 273 2256 1407 3212">
     <span class='ocr_line' id='line_1_21' title="bbox 321 2256 1407 2347; baseline -0.006 -25"><span class='ocrx_word' id='word_1_110' title='bbox 321 2256 466 2337; x_wconf 83' lang='lat' dir='ltr'>Orontes,</span> <span class='ocrx_word' id='word_1_111' title='bbox 490 2259 613 2324; x_wconf 90' lang='lat' dir='ltr'>aditum</span> <span class='ocrx_word' id='word_1_112' title='bbox 635 2261 701 2324; x_wconf 90' lang='lat' dir='ltr'>iam</span> <span class='ocrx_word' id='word_1_113' title='bbox 723 2261 794 2325; x_wconf 89' lang='lat' dir='ltr'>fieri</span> <span class='ocrx_word' id='word_1_114' title='bbox 814 2267 894 2347; x_wconf 92' lang='lat' dir='ltr'>patu</span> <span class='ocrx_word' id='word_1_115' title='bbox 907 2282 970 2324; x_wconf 90' lang='lat' dir='ltr'>um.</span> <span class='ocrx_word' id='word_1_116' title='bbox 1300 2265 1407 2333; x_wconf 63' lang='lat' dir='ltr'>fotam</span> 
     </span>
     <span class='ocr_line' id='line_1_22' title="bbox 276 2340 1190 2433; baseline 0.004 -28"><span class='ocrx_word' id='word_1_117' title='bbox 276 2340 343 2407; x_wconf 85' lang='lat' dir='ltr'>Sed</span> <span class='ocrx_word' id='word_1_118' title='bbox 365 2343 431 2409; x_wconf 81' lang='lat' dir='ltr'>dux</span> <span class='ocrx_word' id='word_1_119' title='bbox 451 2347 619 2432; x_wconf 85' lang='lat' dir='ltr'>paulisper</span> <span class='ocrx_word' id='word_1_120' title='bbox 640 2348 737 2426; x_wconf 92' lang='lat' dir='ltr'>siluit,</span> <span class='ocrx_word' id='word_1_121' title='bbox 760 2367 906 2411; x_wconf 87' lang='lat' dir='ltr'>somnum</span> <span class='ocrx_word' id='word_1_122' title='bbox 930 2365 1059 2433; x_wconf 92' lang='lat' dir='ltr'>quoque</span> <span class='ocrx_word' id='word_1_123' title='bbox 1081 2345 1190 2418; x_wconf 83' lang='lat' dir='ltr'>finxit3</span> 
     </span>
     <span class='ocr_line' id='line_1_23' title="bbox 316 2429 1041 2518; baseline 0.006 -25"><span class='ocrx_word' id='word_1_124' title='bbox 316 2429 405 2511; x_wconf 89' lang='lat' dir='ltr'>Post,</span> <span class='ocrx_word' id='word_1_125' title='bbox 427 2434 517 2497; x_wconf 88' lang='lat' dir='ltr'>velut</span> <span class='ocrx_word' id='word_1_126' title='bbox 539 2454 557 2498; x_wconf 91' lang='lat' dir='ltr'>e</span> <span class='ocrx_word' id='word_1_127' title='bbox 582 2454 693 2498; x_wconf 87' lang='lat' dir='ltr'>somno</span> <span class='ocrx_word' id='word_1_128' title='bbox 719 2435 875 2518; x_wconf 81' lang='lat' dir='ltr'>evigilans</span> <span class='ocrx_word' id='word_1_129' title='bbox 897 2433 1041 2517; x_wconf 85' lang='lat' dir='ltr'>gravido,</span> 
     </span>
     <span class='ocr_line' id='line_1_24' title="bbox 276 2515 1006 2601; baseline 0.005 -22"><span class='ocrx_word' id='word_1_130' title='bbox 276 2515 409 2582; x_wconf 83' lang='lat' dir='ltr'>Solvere</span> <span class='ocrx_word' id='word_1_131' title='bbox 433 2519 558 2585; x_wconf 90' lang='lat' dir='ltr'>custodi</span> <span class='ocrx_word' id='word_1_132' title='bbox 580 2527 692 2584; x_wconf 84' lang='lat' dir='ltr'>vectes</span> <span class='ocrx_word' id='word_1_133' title='bbox 713 2519 806 2585; x_wconf 92' lang='lat' dir='ltr'>iubet</span> <span class='ocrx_word' id='word_1_134' title='bbox 827 2521 1006 2601; x_wconf 87' lang='lat' dir='ltr'>interiores,</span> 
     </span>
     <span class='ocr_line' id='line_1_25' title="bbox 320 2603 1039 2691; baseline 0.004 -23"><span class='ocrx_word' id='word_1_135' title='bbox 320 2603 470 2671; x_wconf 90' lang='lat' dir='ltr'>Pandere</span> <span class='ocrx_word' id='word_1_136' title='bbox 492 2607 673 2691; x_wconf 83' lang='lat' dir='ltr'>triclynium</span> <span class='ocrx_word' id='word_1_137' title='bbox 695 2607 913 2691; x_wconf 87' lang='lat' dir='ltr'>militibusque</span> <span class='ocrx_word' id='word_1_138' title='bbox 937 2627 1039 2689; x_wconf 90' lang='lat' dir='ltr'>suum,</span> 
     </span>
     <span class='ocr_line' id='line_1_26' title="bbox 276 2689 1133 2779; baseline 0.005 -25"><span class='ocrx_word' id='word_1_139' title='bbox 276 2689 338 2755; x_wconf 89' lang='lat' dir='ltr'>His</span> <span class='ocrx_word' id='word_1_140' title='bbox 359 2691 560 2773; x_wconf 86' lang='lat' dir='ltr'>introductis,</span> <span class='ocrx_word' id='word_1_141' title='bbox 582 2693 738 2779; x_wconf 92' lang='lat' dir='ltr'>limpham</span> <span class='ocrx_word' id='word_1_142' title='bbox 760 2693 909 2758; x_wconf 89' lang='lat' dir='ltr'>manibus</span> <span class='ocrx_word' id='word_1_143' title='bbox 932 2693 1015 2778; x_wconf 90' lang='lat' dir='ltr'>petit</span> <span class='ocrx_word' id='word_1_144' title='bbox 1037 2694 1133 2770; x_wconf 87' lang='lat' dir='ltr'>albis;</span> 
     </span>
     <span class='ocr_line' id='line_1_27' title="bbox 320 2776 954 2845; baseline 0.006 -4"><span class='ocrx_word' id='word_1_145' title='bbox 320 2776 386 2841; x_wconf 83' lang='lat' dir='ltr'>Sed</span> <span class='ocrx_word' id='word_1_146' title='bbox 407 2786 488 2843; x_wconf 90' lang='lat' dir='ltr'>nutu</span> <span class='ocrx_word' id='word_1_147' title='bbox 509 2779 630 2844; x_wconf 89' lang='lat' dir='ltr'>domini</span> <span class='ocrx_word' id='word_1_148' title='bbox 654 2781 757 2844; x_wconf 86' lang='lat' dir='ltr'>defuit</span> <span class='ocrx_word' id='word_1_149' title='bbox 779 2779 954 2845; x_wconf 91' lang='lat' dir='ltr'>altithroni.</span> 
     </span>
     <span class='ocr_line' id='line_1_28' title="bbox 274 2863 1014 2952; baseline 0.003 -24"><span class='ocrx_word' id='word_1_150' title='bbox 274 2863 365 2928; x_wconf 78' lang='lat' dir='ltr'>Tunc</span> <span class='ocrx_word' id='word_1_151' title='bbox 386 2866 435 2929; x_wconf 83' lang='lat' dir='ltr'>vir</span> <span class='ocrx_word' id='word_1_152' title='bbox 457 2886 587 2931; x_wconf 87' lang='lat' dir='ltr'>securus</span> <span class='ocrx_word' id='word_1_153' title='bbox 611 2866 731 2931; x_wconf 81' lang='lat' dir='ltr'>Christi</span> <span class='ocrx_word' id='word_1_154' title='bbox 752 2867 874 2952; x_wconf 90' lang='lat' dir='ltr'>pietate</span> <span class='ocrx_word' id='word_1_155' title='bbox 897 2865 1014 2930; x_wconf 89' lang='lat' dir='ltr'>beatus</span> 
     </span>
     <span class='ocr_line' id='line_1_29' title="bbox 318 2951 905 3039; baseline 0 -24"><span class='ocrx_word' id='word_1_156' title='bbox 318 2951 423 3016; x_wconf 91' lang='lat' dir='ltr'>Unum</span> <span class='ocrx_word' id='word_1_157' title='bbox 448 2951 488 3016; x_wconf 90' lang='lat' dir='ltr'>de</span> <span class='ocrx_word' id='word_1_158' title='bbox 511 2953 620 3038; x_wconf 90' lang='lat' dir='ltr'>pueris</span> <span class='ocrx_word' id='word_1_159' title='bbox 643 2955 731 3018; x_wconf 89' lang='lat' dir='ltr'>ocius</span> <span class='ocrx_word' id='word_1_160' title='bbox 755 2953 905 3039; x_wconf 81' lang='lat' dir='ltr'>egregiis,</span> 
     </span>
     <span class='ocr_line' id='line_1_30' title="bbox 273 3036 1090 3125; baseline 0.002 -25"><span class='ocrx_word' id='word_1_161' title='bbox 273 3036 319 3101; x_wconf 92' lang='lat' dir='ltr'>Ut</span> <span class='ocrx_word' id='word_1_162' title='bbox 340 3037 401 3103; x_wconf 89' lang='lat' dir='ltr'>sibi</span> <span class='ocrx_word' id='word_1_163' title='bbox 423 3037 568 3104; x_wconf 85' lang='lat' dir='ltr'>deferret</span> <span class='ocrx_word' id='word_1_164' title='bbox 588 3041 723 3125; x_wconf 83' lang='lat' dir='ltr'>virgam,</span> <span class='ocrx_word' id='word_1_165' title='bbox 746 3041 843 3119; x_wconf 91' lang='lat' dir='ltr'>misit,</span> <span class='ocrx_word' id='word_1_166' title='bbox 866 3043 1090 3117; x_wconf 88' lang='lat' dir='ltr'>memoratam,</span> 
     </span>
     <span class='ocr_line' id='line_1_31' title="bbox 318 3123 1039 3212; baseline 0.004 -25"><span class='ocrx_word' id='word_1_167' title='bbox 318 3123 424 3196; x_wconf 86' lang='lat' dir='ltr'>Quam</span> <span class='ocrx_word' id='word_1_168' title='bbox 447 3146 520 3190; x_wconf 90' lang='lat' dir='ltr'>sero</span> <span class='ocrx_word' id='word_1_169' title='bbox 543 3128 708 3212; x_wconf 91' lang='lat' dir='ltr'>proprium</span> <span class='ocrx_word' id='word_1_170' title='bbox 730 3126 801 3191; x_wconf 86' lang='lat' dir='ltr'>fixit</span> <span class='ocrx_word' id='word_1_171' title='bbox 823 3127 856 3190; x_wconf 90' lang='lat' dir='ltr'>in</span> <span class='ocrx_word' id='word_1_172' title='bbox 879 3126 1039 3190; x_wconf 88' lang='lat' dir='ltr'>atriolum.</span> 
     </span>
    </p>
   </div>
   <div class='ocr_carea' id='block_1_7' title="bbox 274 3261 1117 3610">
    <p class='ocr_par' dir='ltr' id='par_1_10' title="bbox 274 3261 1117 3525">
     <span class='ocr_line' id='line_1_32' title="bbox 275 3261 1116 3352; baseline 0.001 -25"><span class='ocrx_word' id='word_1_173' title='bbox 275 3261 348 3344; x_wconf 84' lang='lat' dir='ltr'>Qui,</span> <span class='ocrx_word' id='word_1_174' title='bbox 371 3285 464 3328; x_wconf 89' lang='lat' dir='ltr'>cursu</span> <span class='ocrx_word' id='word_1_175' title='bbox 487 3285 523 3328; x_wconf 89' lang='lat' dir='ltr'>ra</span> <span class='ocrx_word' id='word_1_176' title='bbox 546 3265 600 3329; x_wconf 93' lang='lat' dir='ltr'>ido</span> <span class='ocrx_word' id='word_1_177' title='bbox 623 3265 768 3331; x_wconf 90' lang='lat' dir='ltr'>saliendo</span> <span class='ocrx_word' id='word_1_178' title='bbox 791 3285 851 3352; x_wconf 91' lang='lat' dir='ltr'>per</span> <span class='ocrx_word' id='word_1_179' title='bbox 873 3264 1010 3330; x_wconf 90' lang='lat' dir='ltr'>herbida</span> <span class='ocrx_word' id='word_1_180' title='bbox 1031 3285 1116 3346; x_wconf 88' lang='lat' dir='ltr'>rura,</span> 
     </span>
     <span class='ocr_line' id='line_1_33' title="bbox 318 3286 1059 3440; baseline 0.003 -26"><span class='ocrx_word' id='word_1_181' title='bbox 318 3347 509 3415; x_wconf 80' lang='lat' dir='ltr'>Circumfert</span> <span class='ocrx_word' id='word_1_182' title='bbox 524 3286 671 3416; x_wconf 61' lang='lat' dir='ltr'>lubricos</span> <span class='ocrx_word' id='word_1_183' title='bbox 693 3358 790 3440; x_wconf 92' lang='lat' dir='ltr'>atque</span> <span class='ocrx_word' id='word_1_184' title='bbox 813 3372 916 3436; x_wconf 85' lang='lat' dir='ltr'>vagos</span> <span class='ocrx_word' id='word_1_185' title='bbox 939 3352 1059 3432; x_wconf 88' lang='lat' dir='ltr'>oculos,</span> 
     </span>
     <span class='ocr_line' id='line_1_34' title="bbox 274 3435 1117 3525; baseline 0.005 -26"><span class='ocrx_word' id='word_1_186' title='bbox 274 3435 313 3499; x_wconf 92' lang='lat' dir='ltr'>In</span> <span class='ocrx_word' id='word_1_187' title='bbox 335 3437 443 3501; x_wconf 91' lang='lat' dir='ltr'>uirens</span> <span class='ocrx_word' id='word_1_188' title='bbox 465 3437 615 3503; x_wconf 90' lang='lat' dir='ltr'>baculum</span> <span class='ocrx_word' id='word_1_189' title='bbox 640 3445 746 3503; x_wconf 91' lang='lat' dir='ltr'>terrae</span> <span class='ocrx_word' id='word_1_190' title='bbox 770 3445 834 3503; x_wconf 90' lang='lat' dir='ltr'>tem</span> <span class='ocrx_word' id='word_1_191' title='bbox 860 3459 915 3502; x_wconf 90' lang='lat' dir='ltr'>ore</span> <span class='ocrx_word' id='word_1_192' title='bbox 939 3439 1117 3525; x_wconf 83' lang='lat' dir='ltr'>sepultum3</span> 
     </span>
    </p>

    <p class='ocr_par' dir='ltr' id='par_1_11' title="bbox 314 3457 942 3610">
     <span class='ocr_line' id='line_1_35' title="bbox 314 3457 942 3610; baseline 0.003 -23"><span class='ocrx_word' id='word_1_193' title='bbox 314 3457 360 3588; x_wconf 74' lang='lat' dir='ltr'>ht</span> <span class='ocrx_word' id='word_1_194' title='bbox 381 3531 511 3589; x_wconf 92' lang='lat' dir='ltr'>nactum</span> <span class='ocrx_word' id='word_1_195' title='bbox 533 3526 644 3590; x_wconf 90' lang='lat' dir='ltr'>tractis</span> <span class='ocrx_word' id='word_1_196' title='bbox 667 3526 800 3610; x_wconf 89' lang='lat' dir='ltr'>arripuit</span> <span class='ocrx_word' id='word_1_197' title='bbox 823 3460 942 3609; x_wconf 77' lang='lat' dir='ltr'>digitis,</span> 
     </span>
    </p>
   </div>
   <div class='ocr_carea' id='block_1_8' title="bbox 163 3695 1303 3975">
    <p class='ocr_par' dir='ltr' id='par_1_12' title="bbox 163 3695 1303 3975">
     <span class='ocr_line' id='line_1_36' title="bbox 251 3695 1302 3767; baseline 0.001 -20"><span class='ocrx_word' id='word_1_198' title='bbox 251 3695 302 3748; x_wconf 91' lang='grc'>211</span> <span class='ocrx_word' id='word_1_199' title='bbox 321 3699 374 3765; x_wconf 91' lang='lat' dir='ltr'>Ipsi</span> <span class='ocrx_word' id='word_1_200' title='bbox 393 3698 472 3751; x_wconf 76' lang='lat' dir='ltr'>Oetae</span> <span class='ocrx_word' id='word_1_201' title='bbox 517 3701 627 3767; x_wconf 89' lang='lat' dir='ltr'>dapibus</span> <span class='ocrx_word' id='word_1_202' title='bbox 663 3707 745 3752; x_wconf 90' lang='lat' dir='ltr'>onunt</span> <span class='ocrx_word' id='word_1_203' title='bbox 762 3702 798 3750; x_wconf 80' lang='lat' dir='ltr'>sic</span> <span class='ocrx_word' id='word_1_204' title='bbox 816 3699 850 3750; x_wconf 99' lang='grc' dir='ltr'><em>Μ</em></span> <span class='ocrx_word' id='word_1_205' title='bbox 893 3700 1023 3753; x_wconf 80' lang='lat' dir='ltr'>honeratis</span> <span class='ocrx_word' id='word_1_206' title='bbox 1041 3698 1075 3751; x_wconf 91' lang='grc' dir='ltr'><em>Μ</em></span> <span class='ocrx_word' id='word_1_207' title='bbox 1149 3696 1202 3751; x_wconf 82' lang='grc'>217</span> <span class='ocrx_word' id='word_1_208' title='bbox 1219 3700 1302 3750; x_wconf 80' lang='lat' dir='ltr'>Accu·</span> 
     </span>
     <span class='ocr_line' id='line_1_37' title="bbox 163 3717 1303 3850; baseline 0 -32"><span class='ocrx_word' id='word_1_209' title='bbox 163 3768 232 3819; x_wconf 83' lang='lat' dir='ltr'>bunt</span> <span class='ocrx_word' id='word_1_210' title='bbox 249 3766 280 3816; x_wconf 90' lang='grc' dir='ltr'><em>Μ</em></span> <span class='ocrx_word' id='word_1_211' title='bbox 285 3785 294 3826; x_wconf 88' lang='lat'>,·</span> <span class='ocrx_word' id='word_1_212' title='bbox 313 3770 346 3835; x_wconf 76' lang='lat' dir='ltr'>cs.</span> <span class='ocrx_word' id='word_1_213' title='bbox 365 3769 418 3820; x_wconf 67' lang='lat' dir='ltr'>nd.</span> <span class='ocrx_word' id='word_1_214' title='bbox 436 3769 550 3836; x_wconf 70' lang='lat' dir='ltr'>crtbcqr.</span> <span class='ocrx_word' id='word_1_215' title='bbox 624 3717 676 3821; x_wconf 67' lang='lat' dir='ltr'>2d9</span> <span class='ocrx_word' id='word_1_216' title='bbox 693 3786 756 3822; x_wconf 82' lang='lat' dir='ltr'>ecus</span> <span class='ocrx_word' id='word_1_217' title='bbox 773 3769 807 3819; x_wconf 86' lang='grc' dir='ltr'><em>Μ</em></span> <span class='ocrx_word' id='word_1_218' title='bbox 878 3767 930 3820; x_wconf 87' lang='grc'>222</span> <span class='ocrx_word' id='word_1_219' title='bbox 948 3772 983 3837; x_wconf 79' lang='lat' dir='ltr'>cs.</span> <span class='ocrx_word' id='word_1_220' title='bbox 1002 3785 1096 3835; x_wconf 74' lang='lat' dir='ltr'>appar.</span> <span class='ocrx_word' id='word_1_221' title='bbox 1115 3768 1152 3819; x_wconf 80' lang='lat' dir='ltr'>ad</span> <span class='ocrx_word' id='word_1_222' title='bbox 1162 3767 1240 3850; x_wconf 60' lang='grc' dir='ltr'>Μαι.</span> <span class='ocrx_word' id='word_1_223' title='bbox 1252 3771 1303 3819; x_wconf 82' lang='grc'>891</span> 
     </span>
     <span class='ocr_line' id='line_1_38' title="bbox 163 3834 1303 3906; baseline -0.001 -18"><span class='ocrx_word' id='word_1_224' title='bbox 163 3834 216 3889; x_wconf 84' lang='grc'>225</span> <span class='ocrx_word' id='word_1_225' title='bbox 240 3837 329 3888; x_wconf 80' lang='lat' dir='ltr'>aciscis</span> <span class='ocrx_word' id='word_1_226' title='bbox 346 3837 389 3887; x_wconf 73' lang='grc' dir='ltr'>Μι</span> <span class='ocrx_word' id='word_1_227' title='bbox 413 3837 492 3900; x_wconf 80' lang='lat' dir='ltr'>(corr.</span> <span class='ocrx_word' id='word_1_228' title='bbox 515 3856 546 3889; x_wconf 85' lang='lat' dir='ltr'>m.</span> <span class='ocrx_word' id='word_1_229' title='bbox 566 3838 600 3902; x_wconf 87' lang='lat'>1),</span> <span class='ocrx_word' id='word_1_230' title='bbox 617 3855 638 3904; x_wconf 83' lang='lat' dir='ltr'>p</span> <span class='ocrx_word' id='word_1_231' title='bbox 734 3836 786 3889; x_wconf 87' lang='grc'>226</span> <span class='ocrx_word' id='word_1_232' title='bbox 807 3839 865 3889; x_wconf 86' lang='lat' dir='ltr'>Lux</span> <span class='ocrx_word' id='word_1_233' title='bbox 888 3837 930 3888; x_wconf 75' lang='lat' dir='ltr'>M:</span> <span class='ocrx_word' id='word_1_234' title='bbox 957 3848 983 3891; x_wconf 88' lang='lat' dir='ltr'>et</span> <span class='ocrx_word' id='word_1_235' title='bbox 1003 3837 1110 3898; x_wconf 48' lang='lat' dir='ltr'>aaut&amp;</span> <span class='ocrx_word' id='word_1_236' title='bbox 1136 3838 1213 3906; x_wconf 77' lang='lat' dir='ltr'>plaga</span> <span class='ocrx_word' id='word_1_237' title='bbox 1236 3845 1303 3889; x_wconf 83' lang='lat' dir='ltr'>recte</span> 
     </span>
     <span class='ocr_line' id='line_1_39' title="bbox 163 3904 1302 3975; baseline 0 -19"><span class='ocrx_word' id='word_1_238' title='bbox 163 3905 297 3957; x_wconf 62' lang='lat' dir='ltr'>Moneta</span> <span class='ocrx_word' id='word_1_239' title='bbox 373 3905 425 3959; x_wconf 80' lang='grc'>234</span> <span class='ocrx_word' id='word_1_240' title='bbox 444 3909 619 3973; x_wconf 87' lang='lat' dir='ltr'>multibusque</span> <span class='ocrx_word' id='word_1_241' title='bbox 638 3907 671 3957; x_wconf 88' lang='grc' dir='ltr'><em>Μ</em></span> <span class='ocrx_word' id='word_1_242' title='bbox 745 3905 797 3959; x_wconf 87' lang='grc'>238</span> <span class='ocrx_word' id='word_1_243' title='bbox 815 3909 917 3974; x_wconf 78' lang='lat' dir='ltr'>egregia</span> <span class='ocrx_word' id='word_1_244' title='bbox 936 3907 970 3959; x_wconf 96' lang='grc' dir='ltr'><em>Μ</em></span> <span class='ocrx_word' id='word_1_245' title='bbox 1045 3904 1097 3958; x_wconf 82' lang='grc'>243</span> <span class='ocrx_word' id='word_1_246' title='bbox 1114 3910 1202 3975; x_wconf 73' lang='lat' dir='ltr'>tepore</span> <span class='ocrx_word' id='word_1_247' title='bbox 1222 3905 1302 3958; x_wconf 78' lang='lat' dir='ltr'>Celtas</span> 
     </span>
    </p>
   </div>
   <div class='ocr_carea' id='block_1_9' title="bbox 250 4059 1301 4130">
    <p class='ocr_par' dir='ltr' id='par_1_13' title="bbox 250 4059 1301 4130">
     <span class='ocr_line' id='line_1_40' title="bbox 250 4059 1301 4130; baseline 0 -18"><span class='ocrx_word' id='word_1_248' title='bbox 250 4060 354 4128; x_wconf 70' lang='lat' dir='ltr'>2ll&#39;cs.</span> <span class='ocrx_word' id='word_1_249' title='bbox 370 4062 443 4129; x_wconf 71' lang='lat' dir='ltr'>Verq.</span> <span class='ocrx_word' id='word_1_250' title='bbox 461 4063 528 4115; x_wconf 76' lang='lat' dir='ltr'>Aea.</span> <span class='ocrx_word' id='word_1_251' title='bbox 546 4062 567 4113; x_wconf 88' lang='lat' dir='ltr'><em>I</em></span> <span class='ocrx_word' id='word_1_252' title='bbox 583 4067 631 4115; x_wconf 82' lang='lat'>706</span> <span class='ocrx_word' id='word_1_253' title='bbox 647 4064 691 4130; x_wconf 91' lang='lat' dir='ltr'>qui</span> <span class='ocrx_word' id='word_1_254' title='bbox 708 4063 820 4130; x_wconf 83' lang='lat' dir='ltr'>dapibus</span> <span class='ocrx_word' id='word_1_255' title='bbox 838 4079 939 4114; x_wconf 84' lang='lat' dir='ltr'>mensas</span> <span class='ocrx_word' id='word_1_256' title='bbox 957 4070 1071 4114; x_wconf 78' lang='lat' dir='ltr'>onerent</span> <span class='ocrx_word' id='word_1_257' title='bbox 1149 4059 1201 4114; x_wconf 90' lang='grc'>221</span> <span class='ocrx_word' id='word_1_258' title='bbox 1211 4079 1247 4128; x_wconf 78' lang='lat' dir='ltr'>sq.</span> <span class='ocrx_word' id='word_1_259' title='bbox 1266 4063 1301 4128; x_wconf 76' lang='lat' dir='ltr'>cs.</span> 
     </span>
    </p>
   </div>
   <div class='ocr_carea' id='block_1_10' title="bbox 164 4130 1303 4269">
    <p class='ocr_par' dir='ltr' id='par_1_14' title="bbox 164 4130 1303 4269">
     <span class='ocr_line' id='line_1_41' title="bbox 165 4130 1301 4200; baseline 0 -18"><span class='ocrx_word' id='word_1_260' title='bbox 165 4130 250 4182; x_wconf 74' lang='lat' dir='ltr'>Pmd.</span> <span class='ocrx_word' id='word_1_261' title='bbox 269 4131 336 4182; x_wconf 77' lang='lat' dir='ltr'>cath.</span> <span class='ocrx_word' id='word_1_262' title='bbox 354 4136 481 4196; x_wconf 80' lang='lat' dir='ltr'>o‚17.26:</span> <span class='ocrx_word' id='word_1_263' title='bbox 499 4134 578 4199; x_wconf 85' lang='lat' dir='ltr'>serpit</span> <span class='ocrx_word' id='word_1_264' title='bbox 596 4149 641 4199; x_wconf 88' lang='lat' dir='ltr'>per</span> <span class='ocrx_word' id='word_1_265' title='bbox 659 4149 733 4184; x_wconf 86' lang='lat' dir='ltr'>omns</span> <span class='ocrx_word' id='word_1_266' title='bbox 751 4150 844 4200; x_wconf 87' lang='lat' dir='ltr'>corpus</span> <span class='ocrx_word' id='word_1_267' title='bbox 862 4132 976 4184; x_wconf 82' lang='lat' dir='ltr'>Lethaea</span> <span class='ocrx_word' id='word_1_268' title='bbox 993 4133 1034 4183; x_wconf 87' lang='lat' dir='ltr'>vis</span> <span class='ocrx_word' id='word_1_269' title='bbox 1119 4132 1193 4197; x_wconf 85' lang='lat' dir='ltr'>quies</span> <span class='ocrx_word' id='word_1_270' title='bbox 1211 4131 1301 4183; x_wconf 68' lang='lat' dir='ltr'>amica</span> 
     </span>
     <span class='ocr_line' id='line_1_42' title="bbox 164 4197 1303 4269; baseline -0.001 -18"><span class='ocrx_word' id='word_1_271' title='bbox 164 4198 217 4251; x_wconf 88' lang='grc'>222</span> <span class='ocrx_word' id='word_1_272' title='bbox 235 4200 286 4251; x_wconf 82' lang='lat' dir='ltr'>abl.</span> <span class='ocrx_word' id='word_1_273' title='bbox 300 4216 352 4264; x_wconf 82' lang='lat' dir='ltr'>pro</span> <span class='ocrx_word' id='word_1_274' title='bbox 370 4202 423 4253; x_wconf 85' lang='lat' dir='ltr'>dat.</span> <span class='ocrx_word' id='word_1_275' title='bbox 442 4201 489 4269; x_wconf 68' lang='lat' dir='ltr'>(cf.</span> <span class='ocrx_word' id='word_1_276' title='bbox 508 4202 561 4253; x_wconf 85' lang='lat' dir='ltr'>ind.</span> <span class='ocrx_word' id='word_1_277' title='bbox 581 4201 664 4265; x_wconf 67' lang='lat' dir='ltr'>meta)</span> <span class='ocrx_word' id='word_1_278' title='bbox 736 4200 789 4253; x_wconf 84' lang='grc'>225</span> <span class='ocrx_word' id='word_1_279' title='bbox 802 4203 836 4268; x_wconf 73' lang='lat' dir='ltr'>cs,</span> <span class='ocrx_word' id='word_1_280' title='bbox 850 4217 944 4267; x_wconf 80' lang='lat' dir='ltr'>appar.</span> <span class='ocrx_word' id='word_1_281' title='bbox 957 4201 993 4251; x_wconf 82' lang='lat' dir='ltr'>od</span> <span class='ocrx_word' id='word_1_282' title='bbox 1004 4200 1076 4253; x_wconf 78' lang='lat' dir='ltr'>Mor.</span> <span class='ocrx_word' id='word_1_283' title='bbox 1088 4202 1145 4254; x_wconf 75' lang='lat'>368.</span> <span class='ocrx_word' id='word_1_284' title='bbox 1216 4197 1268 4252; x_wconf 87' lang='grc'>232</span> <span class='ocrx_word' id='word_1_285' title='bbox 1279 4205 1303 4250; x_wconf 76' lang='lat' dir='ltr'>et</span> 
     </span>
    </p>
   </div>
   <div class='ocr_carea' id='block_1_11' title="bbox 164 4266 1302 4404">
    <p class='ocr_par' dir='ltr' id='par_1_15' title="bbox 164 4266 1302 4404">
     <span class='ocr_line' id='line_1_43' title="bbox 164 4266 1302 4338; baseline -0.003 -18"><span class='ocrx_word' id='word_1_286' title='bbox 164 4266 218 4321; x_wconf 78' lang='grc'>236</span> <span class='ocrx_word' id='word_1_287' title='bbox 235 4271 270 4335; x_wconf 71' lang='lat' dir='ltr'>cs.</span> <span class='ocrx_word' id='word_1_288' title='bbox 288 4269 360 4322; x_wconf 72' lang='lat' dir='ltr'>Alco.</span> <span class='ocrx_word' id='word_1_289' title='bbox 378 4289 399 4323; x_wconf 78' lang='lat' dir='ltr'>a.</span> <span class='ocrx_word' id='word_1_290' title='bbox 418 4278 440 4335; x_wconf 86' lang='lat'>1,</span> <span class='ocrx_word' id='word_1_291' title='bbox 453 4275 546 4338; x_wconf 74' lang='lat' dir='ltr'>332sq.</span> <span class='ocrx_word' id='word_1_292' title='bbox 566 4270 608 4335; x_wconf 93' lang='lat' dir='ltr'>(P.</span> <span class='ocrx_word' id='word_1_293' title='bbox 621 4270 648 4322; x_wconf 85' lang='lat' dir='ltr'>C.</span> <span class='ocrx_word' id='word_1_294' title='bbox 667 4278 725 4322; x_wconf 76' lang='lat' dir='ltr'>tero.</span> <span class='ocrx_word' id='word_1_295' title='bbox 738 4271 756 4320; x_wconf 88' lang='lat' dir='ltr'><em>I</em></span> <span class='ocrx_word' id='word_1_296' title='bbox 766 4287 796 4337; x_wconf 77' lang='lat' dir='ltr'>p.</span> <span class='ocrx_word' id='word_1_297' title='bbox 809 4271 865 4336; x_wconf 79' lang='lat'>177)</span> <span class='ocrx_word' id='word_1_298' title='bbox 883 4270 1083 4338; x_wconf 78' lang='lat' dir='ltr'>evigilansque.</span> <span class='ocrx_word' id='word_1_299' title='bbox 1096 4309 1121 4324; x_wconf 91' lang='lat'>..</span> <span class='ocrx_word' id='word_1_300' title='bbox 1134 4271 1194 4323; x_wconf 84' lang='lat' dir='ltr'>iada</span> <span class='ocrx_word' id='word_1_301' title='bbox 1211 4268 1302 4336; x_wconf 79' lang='lat' dir='ltr'>petivit</span> 
     </span>
     <span class='ocr_line' id='line_1_44' title="bbox 165 4340 538 4404; baseline 0.011 -16"><span class='ocrx_word' id='word_1_302' title='bbox 165 4353 270 4404; x_wconf 83' lang='lat' dir='ltr'>aquam,</span> <span class='ocrx_word' id='word_1_303' title='bbox 289 4340 381 4392; x_wconf 82' lang='lat' dir='ltr'>faciem</span> <span class='ocrx_word' id='word_1_304' title='bbox 398 4342 448 4393; x_wconf 88' lang='lat' dir='ltr'>sibi</span> <span class='ocrx_word' id='word_1_305' title='bbox 465 4341 538 4392; x_wconf 87' lang='lat' dir='ltr'>lavit.</span> 
     </span>
    </p>
   </div>
   <div class='ocr_carea' id='block_1_12' title="bbox 0 0 1494 4890">
    <p class='ocr_par' dir='ltr' id='par_1_16' title="bbox 0 0 1494 4890">
     <span class='ocr_line' id='line_1_45' title="bbox 0 0 1494 4890; baseline 0 0"><span class='ocrx_word' id='word_1_306' title='bbox 0 0 1494 4890; x_wconf 95' lang='lat' dir='ltr'> </span> 
     </span>
    </p>
   </div>
  </div>
 </body>
</html>
