2970 4890
623 359 636 414 1
654 360 678 415 a.
702 358 859 430 capara.

276 535 360 602 Odis
384 534 454 621 quis
476 534 562 621 potis
585 539 634 598 est
657 532 762 619 dignis
785 553 866 620 opus
890 535 1119 622 omnipotentis

322 621 464 686 Artificis
486 619 599 685 mundi
620 621 832 770 aequiperare
857 619 920 703 dei,

275 707 342 782 Qui
363 728 449 773 nova
469 707 654 794 praeteritis
676 728 711 772 re
736 705 784 771 dit
805 728 870 771 non
894 706 1023 772 dissona
1045 708 1154 792 signis,

323 793 442 860 Omnia
463 814 523 880 per
546 794 691 879 genitum
714 793 824 858 saecla
845 813 962 879 regens
984 795 1169 881 propriuml

275 882 372 947 Haec
394 886 468 946 sunt
488 882 616 945 virtutis
637 881 788 967 propriae
810 881 976 961 miracula,
1001 879 1138 962 Christe,

322 967 385 1042 Qui
408 965 569 1053 quondam
592 969 713 1054 populo
735 973 850 1053 utpote
873 966 1005 1032 Iudaico

275 1054 411 1120 Petram
432 1055 553 1119 iussisti
575 1054 690 1118 latices
713 1052 880 1118 effundere
904 1052 1014 1119 dulces

320 1140 365 1206 Et
386 1140 430 1205 fel
453 1142 544 1205 triste
566 1141 629 1205 laci
652 1139 745 1205 dulce
768 1140 946 1204 satisfieri.

277 1227 372 1309 Inde,
394 1228 567 1314 potestatis
587 1248 653 1291 non
674 1228 843 1300 inmemor,
867 1227 963 1300 alme,
987 1225 1138 1306 tonantis,

320 1313 393 1389 Qua
414 1333 521 1379 rerum
544 1314 660 1378 trinam
682 1314 751 1377 iure
774 1313 862 1397 regis
884 1312 1076 1394 machinam,

274 1402 350 1467 Hoc
371 1421 455 1465 nunc
478 1406 512 1465 et
533 1401 650 1464 nostris
672 1399 803 1463 voluisti
827 1397 960 1463 credere
984 1400 1077 1463 terris

318 1486 476 1553 Indicium
498 1507 637 1571 magnae
660 1486 769 1551 nobile
793 1485 960 1569 gloriolae,

277 1576 350 1650 Quo
374 1573 508 1638 discant·
521 1579 661 1638 teretem
685 1570 843 1658 degentes
866 1592 965 1658 saepe
989 1592 1048 1658 per
1070 1573 1193 1655 orbem,

319 1661 367 1726 Te
391 1680 520 1747 semper
543 1661 647 1724 solum
670 1680 743 1724 esse
767 1659 866 1723 fuisse
890 1657 996 1723 deum.

273 1748 349 1813 Hoc
371 1767 500 1833 quoque
522 1768 617 1826 nunc,
642 1746 728 1827 Iesu,
753 1744 869 1809 donum
893 1743 1037 1809 concede
1061 1752 1205 1831 precatu,

318 1833 440 1899 Abluat
462 1840 497 1898 ut
519 1834 650 1899 morbos
672 1833 734 1898 iste
755 1833 862 1918 liquor
883 1833 1000 1912 varios,

275 1921 348 1995 Quo
371 1926 404 1986 te
428 1919 602 1985 dulcisonis
625 1917 797 1985 conlaudet
818 1919 952 1983 vocibus
976 1920 1090 1999 omnis,

207 2044 210 2048 Δ
317 2005 381 2080 Qui
403 2026 438 2071 se
461 2007 621 2071 salvatum
645 2008 763 2071 sentiat
786 2012 820 2069 et
841 2004 1007 2070 validum.²

275 2094 369 2158 Haec
391 2094 447 2172 ait,
471 2101 641 2158 atrocem
664 2094 808 2178 sequitur
831 2093 916 2156 salus
940 2093 1026 2156 alma
1048 2092 1247 2176 loquentem,

317 2179 432 2265 Fitque
456 2180 594 2245 salubris
617 2200 714 2265 aqua:
738 2179 809 2243 laus
832 2180 887 2265 pia
909 2181 950 2244 sit
972 2177 1116 2243 domino!
1299 2189 1348 2256 fol.
1361 2192 1414 2242 aar

273 2333 354 2397 Post
373 2333 456 2397 haec
478 2352 538 2421 per
559 2333 641 2396 rasti
663 2333 801 2396 volitans
824 2333 886 2396 cito
910 2333 1040 2396 climata
1062 2331 1173 2396 mundi

316 2418 479 2484 Proditrix
501 2420 585 2504 signi
607 2419 795 2483 samosatis
818 2419 928 2504 placiti

272 2506 346 2570 Non
369 2507 471 2570 solum
494 2506 616 2591 patrios
638 2505 786 2569 hortatur
808 2525 925 2589 nempe
948 2506 1089 2585 colonos,

316 2591 395 2666 Quis
417 2592 508 2678 fungi
532 2591 616 2656 dono
640 2593 776 2678 contigit
798 2592 964 2675 aurivago,

275 2678 342 2744 Sed
386 2699 493 2765 noque
517 2677 721 2764 languidolos
746 2677 786 2742 de
809 2677 985 2762 longinquo
1008 2677 1198 2764 peregrinos

317 2700 467 2851 Undique
492 2766 646 2830 collectos
669 2767 853 2830 accelerare
877 2764 957 2827 citos

272 2850 315 2916 Et
336 2853 424 2917 nullo
438 2853 553 3004 pretio
576 2851 756 2916 medicinae
781 2871 909 2915 sumere
933 2849 1028 2931 dona,

312 2937 435 3004 (lustau
461 2959 480 3003 o
503 2944 627 3003 tantum
651 2938 793 3003 fonticuli
816 2937 989 3002 modicum.

271 3023 422 3091 Crebrius
444 3027 598 3090 incultam
621 3024 734 3090 rideas
757 3023 970 3110 procumbere
993 3021 1131 3102 turbam,

312 3111 508 3178 Volcentem
531 3112 680 3178 membra
702 3112 796 3176 litore
818 3109 1016 3196 languidola‚

270 3195 317 3261 Ut
338 3201 443 3284 possis
465 3200 561 3264 variis
584 3199 735 3263 obsessos
759 3197 893 3262 credere
916 3196 1037 3262 morbis

313 3285 424 3350 Affore
448 3285 574 3350 Iudaici
596 3284 800 3370 languidulos
823 3284 944 3370 populi,

245 3522 298 3576 986
315 3527 426 3580 Omnam
444 3526 473 3592 (i.
485 3546 506 3581 e.
524 3528 603 3594 Oma)
620 3528 653 3580 Μ
720 3527 771 3581 989
790 3529 872 3580 lactea
890 3528 933 3580 Με
950 3529 1065 3584 correxi:
1083 3526 1185 3593 Moyseo
1204 3543 1299 3592 aquom

159 3594 197 3646 bic
214 3592 300 3658 (ezod.
318 3600 358 3660 17,
368 3599 398 3657 6,·
415 3614 484 3648 uum.
506 3601 602 3661 90,11,·
620 3598 655 3665 cs.
674 3598 747 3650 aaut:
760 3602 785 3662 8,
796 3597 845 3663 16),
862 3597 905 3648 loc
920 3614 1062 3663 numquam
1079 3597 1111 3648 de
1124 3603 1202 3662 petra
1214 3596 1299 3648 clicuit

157 3661 257 3716 290f01
269 3664 306 3716 cic
317 3664 352 3715 Μ
437 3664 545 3734 auceps
556 3666 599 3717 Μ’
685 3665 737 3718 997
749 3669 845 3720 donum
862 3667 967 3732 scripsi:
984 3666 1035 3719 ufic
1053 3665 1086 3717 Μ
1101 3664 1130 3728 6.
1143 3682 1164 3716 e.
1183 3663 1300 3730 domino)

158 3731 209 3784 999
221 3732 339 3786 dulsonis
351 3734 384 3786 Μ
451 3733 503 3789 309
520 3738 573 3788 cito
584 3736 706 3788 inachim
716 3737 807 3788 mundi
818 3734 1070 3801 Δίποινα-ΝΜΟ.
1083 3733 1298 3799 tom.IVp.1l57.

157 3801 227 3867 199),
244 3804 279 3871 cf.
303 3803 418 3871 Theopb.
431 3809 459 3869 1,
478 3805 558 3857 Dion.
570 3809 625 3869 191,
638 3805 719 3871 prim.
733 3808 798 3865 3815
819 3805 966 3856 machinam
988 3806 1039 3858 cito
1056 3821 1090 3856 m.
1108 3803 1222 3856 Bartsch
1239 3805 1299 3856 coll.

157 3888 181 3921 o.
193 3876 216 3922 o.
234 3875 284 3923 999
300 3881 325 3924 et
341 3873 409 3939 Apa.
421 3877 478 3939 399,
496 3884 525 3926 ot
541 3875 577 3927 ibi
593 3876 663 3926 trina
680 3891 766 3927 rerum
784 3874 906 3926 machina
924 3875 1017 3941 legiae·
1102 3872 1153 3925 306
1170 3875 1256 3941 ffigier
1267 3873 1298 3924 Μ

243 4073 296 4128 987
319 4078 354 4144 cs.
376 4078 441 4132 viae
463 4098 484 4134 c.
500 4087 522 4145 1,
533 4084 556 4131 6.
644 4076 697 4132 990
717 4081 752 4147 cs.
776 4080 850 4132 exod.
868 4083 956 4145 16,99.
1043 4078 1094 4132 999
1116 4083 1152 4149 cf.
1177 4082 1258 4149 (long.
1273 4085 1296 4134 d.

157 4143 210 4197 995
231 4147 267 4213 cs.
289 4145 398 4198 Notkcri
420 4166 469 4216 seq.
497 4150 529 4202 dc
551 4159 632 4215 oport.
658 4148 905 4213 (sacerdotate)
925 4148 956 4202 69
976 4158 1044 4205 teres
1065 4153 1155 4203 mundi
1176 4153 1297 4204 circulus.

158 4211 211 4265 996
222 4215 257 4282 ef.
273 4214 353 4282 Gorty.
363 4220 420 4270 120.
518 4216 571 4270 304
582 4221 617 4287 cs.
633 4218 782 4286 Goploa,
799 4219 866 4286 Apu„
878 4223 934 4283 118,
947 4221 1027 4286 prim.
1039 4224 1088 4273 339
1104 4219 1199 4284 (Prud.
1217 4220 1295 4285 steph.

159 4288 220 4344 1,11
237 4285 307 4335 lama
324 4301 385 4336 nam
397 4294 478 4340 terras
495 4290 524 4340 in
535 4304 624 4341 omnes
641 4289 801 4356 percucurrit
812 4288 957 4356 proditrix).
1027 4289 1080 4343 998
1097 4292 1132 4358 cf.
1150 4290 1221 4341 Mor.
1238 4292 1296 4340 618.

159 4349 212 4402 319
230 4354 264 4419 cs.
283 4352 338 4404 Pel.
350 4357 407 4407 367.
500 4355 612 4422 didrqq.
631 4359 663 4425 cs.
683 4358 741 4410 Iob.
760 4375 795 4411 eo.
813 4361 924 4424 disqu.
