2970 4890
607 354 620 408 I
639 356 663 408 7.
681 354 839 425 Dimrysiss.
1253 355 1287 413 85

216 632 374 699 Pnssro
399 629 561 697 esuum
583 524 772 697 DIONqurfi
792 628 978 697 sussen
999 631 1224 699 susumus.
1282 635 1331 703 ot.
1344 637 1399 687 osv

304 789 391 853 Dum
415 787 518 851 lactor
540 807 695 868 summae,
718 786 847 853 mediae
869 787 1001 851 rationis
1024 793 1058 852 et
1077 788 1164 854 imae

262 876 301 940 In
324 893 419 940 cruce
442 873 635 959 supplicium
657 874 769 938 mortis
790 879 958 959 pateretur
978 893 1133 957 amarum,

262 962 384 1027 Orbem
406 969 583 1025 nocturnae
606 959 850 1025 circumduxere
873 960 1040 1042 tenebrae,

259 1046 304 1112 Et
326 1049 384 1129 sol,
409 1047 449 1111 de
474 1047 557 1111 osito
580 1045 662 1110 radii
685 1045 856 1133 splendore
879 1048 995 1128 sereni,

169 1158 182 1199 s
255 1133 422 1221 Exequias
445 1068 567 1197 domini
589 1132 733 1198 celebrat
755 1134 962 1198 famulamine
986 1134 1077 1199 tristi.

263 1220 335 1294 Quo
358 1240 436 1284 mox
459 1221 641 1304 astrologus
663 1221 731 1285 viso
754 1220 929 1305 Dyonisius
951 1220 1064 1301 almus,

263 1305 326 1380 Qui
348 1313 426 1371 tunc
447 1305 668 1392 Memphitidis
691 1313 794 1371 artem
816 1306 962 1371 discebat
983 1308 1016 1370 in
1039 1307 1112 1387 oris,

263 1392 355 1466 Quae
380 1392 476 1457 docet
499 1402 657 1458 astrorum
680 1400 796 1474 motus,
819 1394 895 1458 solis
918 1412 1047 1479 quoque
1070 1413 1208 1476 cursum,

262 1478 448 1565 Obstupuit,
471 1481 560 1544 libris
584 1480 755 1566 coepitque
778 1481 941 1566 requirere
966 1480 1067 1559 lectis,

266 1565 302 1630 Si
324 1573 399 1631 tunc
422 1567 562 1652 eclypsis
584 1574 696 1651 posset
718 1568 895 1632 consistere
917 1567 1002 1631 solis.

262 1652 325 1717 Ast
347 1653 402 1717 nbi
425 1672 489 1717 non
511 1653 622 1717 solitas
645 1655 744 1717 sensit
765 1674 879 1738 magus
903 1673 975 1718 esse
997 1652 1159 1734 tenebras,

262 1739 480 1824 Descripeisse
505 1738 591 1803 diem
615 1739 747 1824 dignum
770 1739 910 1805 ducebat
932 1746 967 1804 et
989 1760 1118 1821 annum,

260 1825 335 1890 Non
357 1826 518 1908 dubitans,
542 1824 705 1911 designari
728 1826 804 1912 quid
826 1828 909 1892 forte
933 1833 983 1891 stu
1008 1825 1092 1905 endi,

264 1912 361 1986 Quod
383 1918 456 1999 post
478 1914 665 1998 mysterium
689 1912 888 1979 declarasset
910 1847 1134 1985 tenebrarum

265 1998 508 2085 Coniectatque,
532 1999 629 2063 deum
652 2001 678 2063 si
724 2002 751 2064 is
774 2000 967 2065 testantibus
987 2000 1108 2064 almum

263 2086 409 2151 Actenue
430 2087 577 2170 ignotum
600 2107 675 2149 mun
700 2107 718 2150 ο
740 2108 818 2151 mox
841 2106 913 2152 esse
936 2085 1149 2173 probandum.

264 2174 326 2236 Ast
348 2173 414 2254 ubi,
438 2171 479 2236 de
500 2174 576 2237 rivis
588 2174 766 2322 praefatae
790 2174 919 2238 debrius
942 2175 1029 2255 artis,

265 2259 413 2323 Athenas
435 2260 529 2345 petiit
551 2279 585 2322 se
611 2279 663 2323 ern
686 2261 887 2346 patriamque
911 2261 1031 2341 revisit,

264 2344 355 2409 Inter
376 2347 545 2410 stultorum
569 2347 761 2410 simulachra
781 2348 918 2432 profana
941 2346 1075 2411 deorum

266 2430 359 2496 Culte
383 2438 598 2496 constructam
619 2434 695 2518 poni
718 2440 931 2519 praeceperat
952 2454 1052 2514 aram,

262 2516 357 2582 Hanc
378 2520 481 2605 ipsam
503 2519 603 2582 titulis
626 2519 803 2584 decernens
826 2540 967 2604 congrue
989 2519 1082 2606 pictis

262 2604 371 2688 Ignoti
393 2606 452 2670 sub
475 2606 597 2670 honore'
620 2605 674 2671 dei
696 2604 816 2670 debere
840 2608 968 2670 sacrari.

264 2690 369 2764 Quam
392 2691 504 2756 doctor
526 2692 645 2756 Paulus
667 2713 739 2757 cum
763 2693 986 2777 conspexisset
1009 2692 1143 2777 opimus,

264 2777 342 2851 Quis
365 2779 407 2843 sit
427 2778 479 2842 bic
500 2780 639 2864 ignotus,
663 2779 769 2843 verbis
791 2779 955 2864 rogitabat
977 2779 1095 2843 amicis.

264 2863 361 2929 Urbis
384 2866 434 2929 cui
456 2866 575 2952 primus
598 2866 770 2952 Dyonisius
791 2867 862 2951 ipse
883 2866 1000 2930 beatus
1287 2875 1335 2944 sot.
1348 2879 1397 2929 63¹

262 2951 424 3038 Exposuit
446 2972 587 3033 eausam,
609 2973 668 3038 pro
692 2973 756 3038 qua
777 2958 1001 3017 construxerat
1023 2971 1128 3025 aram;

262 3037 306 3102 Et
329 3040 384 3120 sic,
407 3040 539 3103 alternis
562 3041 758 3104 certantibus
781 3059 859 3125 ergo
882 3039 1027 3125 loquelis,

263 3123 326 3198 Qui
348 3127 409 3190 fuit
430 3126 624 3207 incredulus,
646 3125 722 3192 fidei
745 3127 842 3191 cessit
862 3125 947 3192 bene
970 3127 1082 3192 victus.

305 3213 384 3277 Post
406 3213 487 3278 haec
510 3234 669 3298 egressus,
692 3234 790 3279 caeco
814 3212 870 3278 dat
891 3214 1012 3279 lumina
1033 3211 1164 3297 Paulus,

264 3297 370 3371 Quem
392 3320 568 3385 properare
591 3299 721 3386 quidem
744 3301 837 3364 citius
859 3301 1027 3387 praecepit
1048 3300 1081 3364 in
1103 3301 1227 3368 urbem.

263 3384 360 3450 Hunc
382 3386 526 3450 functum
549 3407 684 3451 cernens
707 3386 891 3473 praedictus
913 3388 1034 3453 lumine
1056 3386 1215 3474 princeps,

261 3470 305 3535 Et
329 3472 464 3538 credens
485 3475 577 3559 signo
600 3472 707 3539 divino
730 3475 859 3539 numine
882 3474 979 3555 facto,

240 3698 389 3752 Drosusrua
425 3697 626 3768 lMemphiticis
640 3699 719 3752 Ocltes
789 3701 1109 3768 nonagentesimo
1155 3700 1290 3769 ,ctiutv

154 3764 259 3830 script&
286 3769 370 3834 magis
397 3767 431 3818 Μ
519 3767 552 3821 13
577 3770 700 3821 dubitans
726 3771 778 3821 iam
804 3772 933 3838 designari
958 3771 1019 3837 M¹p
1168 3772 1235 3824 sacri
1260 3770 1294 3823 M

156 3831 191 3885 23
208 3836 300 3902 opimis
318 3837 363 3886 M:
381 3838 494 3896 σον-νοτίς
511 3840 546 3905 cf.
565 3839 666 3890 Alesia.
685 3855 764 3890 cerm.
777 3844 856 3903 1,658
873 3840 917 3905 (P.
929 3839 957 3892 0.
975 3840 1067 3892 tossI
1076 3857 1104 3909 p.
1117 3841 1179 3908 184)
1195 3841 1291 3894 Christi

154 3903 266 3955 bellator
288 3907 389 3972 opimus
488 3905 523 3958 24
545 3908 587 3958 hic
609 3909 645 3959 cic
665 3907 727 3974 Mp;
749 3909 772 3960 is
793 3907 874 3973 (eras.
891 3910 943 3973 hic)
964 3908 1044 3962 Ocltec
1139 3908 1174 3962 25
1194 3911 1291 3979 primas

157 3971 234 4023 Celtic
251 3975 423 4026 coniectsrum
440 3977 619 4028 commendent
638 3976 755 4043 Theopb.
765 3981 807 4031 69.
817 3981 872 4044 132,
888 3987 950 4046 qest.
960 3982 1013 4032 453
1023 3978 1071 4048 (cf.
1079 3980 1159 4046 prim.
1169 3982 1222 4034 126.
1232 3979 1290 4046 361)

243 4145 388 4199 Dronrsms.
423 4147 438 4199 1
457 4149 492 4214 cs.
510 4146 593 4199 Prud.
612 4147 698 4214 apost.
712 4151 764 4201 226
781 4165 867 4215 regem
885 4166 1000 4204 summae
1017 4159 1043 4204 et
1059 4148 1119 4217 (om.
1137 4150 1193 4204 cod.
1210 4149 1290 4202 Vatic.

164 4211 224 4265 Urb.
237 4231 263 4265 n.
275 4217 330 4276 666,
347 4215 421 4268 babet
432 4215 485 4268 Ην,
498 4216 561 4282 Sap.
576 4221 591 4269 9
603 4218 619 4279 §
629 4215 657 4284 9)
669 4219 768 4270 medias
780 4219 886 4270 rationis
898 4221 1011 4274 etimne.
1081 4220 1098 4273 5
1115 4222 1151 4287 cf.
1169 4219 1225 4273 Pel.
1236 4221 1290 4273 356.

159 4280 191 4332 17
219 4284 254 4349 cs.
280 4282 356 4336 Dion.
370 4290 426 4338 124.
524 4285 557 4338 18
584 4288 619 4354 cf.
641 4286 713 4354 Ver-p.
734 4305 820 4355 peorp.
834 4287 853 4338 I
857 4287 948 4341 V390.
1035 4287 1069 4340 28
1095 4290 1130 4356 cf.
1155 4288 1238 4356 (long.
1253 4289 1290 4341 73.

158 4347 237 4415 29⁸4
256 4352 292 4416 cf.
310 4351 406 4407 Hildw.
425 4355 473 4420 sol.
486 4358 534 4407 87ῐ
552 4354 748 4425 (Arcopsqitico
765 4358 806 4410 cd.
826 4357 950 4423 Galenus,
968 4358 1090 4411 Coloniae
1107 4356 1186 4421 1503).
