2970 4890
518 343 780 402 nnonsvlnflnu
799 343 929 400 OPERA.

265 514 448 582 Consansus
471 517 576 601 plebis
598 515 761 580 clamabat
783 515 986 581 concorditer
1008 519 1120 597 omnis,

264 601 479 689 Respondens
502 603 579 668 cleri
600 603 685 665 rotis
707 603 825 667 eadem
847 604 1015 688 cupientis,

264 688 361 754 Hunc
383 690 453 754 fore
476 689 659 775 praecipuis
681 696 794 774 aptum
816 690 939 752 meritis
962 689 1198 771 vicedomnum,

268 774 314 839 Ut
336 777 464 840 culmen
486 775 572 839 sedis
595 780 743 861 captaret
765 775 967 860 pontificalis,

267 860 391 926 Summi
413 862 572 948 pontificis
595 881 769 946 curamque
792 868 919 925 teneret
942 862 1043 927 ovilis.

267 947 341 1012 Hoc
386 968 492 1033 uoque
515 946 713 1034 persuadere
736 968 793 1012 suo
816 948 1065 1032 metropolitano

264 1034 359 1098 Pon'
384 1036 413 1099 ci
435 1035 562 1119 scriptis
584 1033 783 1099 festinabant
806 1035 869 1099 cito
892 1035 1007 1113 missis,

267 1119 365 1184 (luins
388 1121 504 1186 iudicio
529 1121 627 1184 stetui
650 1128 761 1204 pastor
782 1121 920 1205 sapienti

266 1206 391 1271 Debuit
414 1209 570 1272 ecclesiae
595 1207 651 1270 teli
673 1206 851 1291 condignus
874 1206 1006 1269 honore.

309 1294 372 1367 Qui
394 1294 540 1358 bonitate
564 1294 623 1357 viri
646 1299 812 1379 comperta
834 1311 974 1377 namque
996 1290 1129 1376 benigni

267 1378 310 1443 Se
334 1381 568 1465 completurum
591 1381 738 1464 promisit
759 1380 844 1443 nelle
867 1383 1068 1464 precantum,

267 1465 311 1530 Et
332 1468 460 1531 venisse
482 1467 585 1530 virum
607 1467 700 1529 iussit
721 1467 876 1529 maturius
899 1467 1014 1550 ipsum,

267 1551 400 1616 Affectu
422 1554 534 1640 populi
557 1559 646 1616 tento
670 1572 767 1637 quem
789 1553 888 1615 sensit
910 1550 1021 1615 amari.

267 1638 328 1702 Ille
352 1639 421 1721 sed,
445 1659 602 1704 execrans
626 1639 725 1702 telem
748 1645 933 1703 constanter
953 1637 1121 1715 honorem,

267 1724 432 1790 Praesulis
453 1727 590 1811 imperio
612 1743 729 1809 parere
752 1731 852 1808 negat
874 1721 1049 1797 veniendo;
1292 1743 1381 1809 foro

265 1810 380 1876 Donec
403 1813 521 1876 invitus
544 1811 691 1892 trahitur,
714 1811 815 1875 turbis
837 1810 1035 1894 glomeratis.

267 1896 321 1975 Et,
344 1918 417 1961 eum
464 1898 599 1961 ontificis
622 1903 887 1983 praesentaretur
909 1896 1029 1974 ocellis,

268 1981 394 2047 Stratus
416 1919 562 2069 alasque
586 1985 689 2047 solum
713 2004 809 2047 voces
832 1982 1009 2069 spargebat
1029 1981 1064 2043 in
1088 1981 1197 2059 altum,

268 2068 430 2133 Infectum
451 2071 537 2134 vitiis
560 2090 632 2133 sese
656 2069 766 2133 dicens
790 2070 859 2133 fore
880 2069 988 2133 multis

266 2153 340 2217 Non
362 2163 473 2239 aptum
496 2163 606 2220 sancto
631 2152 749 2219 Christi
771 2157 889 2242 populo
913 2153 1079 2219 dominari.

309 2240 371 2304 His
392 2242 491 2326 igitur
515 2242 656 2327 querulis
678 2243 795 2307 iterata
818 2263 898 2305 voce
921 2241 1070 2327 profusis,

269 2326 415 2392 Antistes
437 2349 579 2392 summus
603 2330 699 2393 cessit
721 2335 885 2414 postremo
909 2333 1050 2407 coactus,

267 2411 438 2499 flauoque,
463 2414 561 2479 decus
585 2416 658 2479 talis
682 2416 736 2500 qui
758 2414 913 2478 fastidivit
934 2414 1077 2491 honoris,

268 2498 435 2565 Iniunctae
458 2522 594 2566 vacuum
618 2522 714 2566 curae
738 2501 896 2565 concessit
917 2500 1018 2580 abire,

269 2583 476 2652 Constituens
499 2589 597 2652 alium
620 2589 754 2652 rectoris
777 2588 906 2650 nomine
930 2585 1071 2669 dignum.

268 2671 330 2743 Qui
352 2696 427 2737 nam
450 2695 627 2759 paucorum
651 2680 725 2759 post
746 2675 916 2737 intervalla
938 2672 1073 2748 dierum,

269 2756 477 2829 Quorundam
500 2761 627 2826 blandis
651 2763 733 2825 clam
756 2759 907 2824 seductus
930 2757 1081 2837 suadelis,

269 2843 430 2911 Subiectis
454 2849 552 2911 alium
576 2849 639 2911 cito
661 2847 850 2932 praeposuit
872 2845 1113 2918 vicedomnum

270 2930 380 3017 Atque
405 2934 621 3018 Theophilum
645 2935 776 2996 summis
797 2933 920 2996 meritis
943 2930 1162 2995 venerandum

267 3016 370 3083 Movit
393 3021 434 3084 ab
458 3021 575 3098 officio,
599 3021 717 3083 multos
740 3040 803 3104 quo
827 3019 970 3103 fungitur
992 3038 1102 3081 annos.

268 3102 353 3168 Istec
377 3105 445 3186 sed,
469 3106 591 3189 fragilis
615 3107 757 3169 tolerans
779 3106 942 3191 patienter
962 3104 1094 3167 honoris

268 3188 442 3268 Damnum,
465 3193 626 3254 tristitiom
650 3192 742 3276 pellit
765 3190 805 3254 de
828 3198 960 3276 pectore
984 3197 1142 3271 cunctam,

268 3274 507 3359 Gaudebatque
531 3278 619 3351 satis,
643 3299 714 3341 sese
738 3279 802 3341 iam
849 3298 921 3341 osse
944 3297 1061 3341 vacare

270 3359 375 3424 Tanto
398 3361 531 3426 liberius
554 3363 659 3427 studio
684 3363 803 3428 Christi
826 3300 1009 3445 lamulatus,

271 3447 398 3520 Quanto
423 3469 570 3513 curarum
593 3471 723 3514 securus
747 3456 817 3513 erat
839 3452 1008 3514 variarum.

313 3531 411 3597 Cuius
433 3556 511 3598 mox
533 3541 678 3600 mentem
701 3537 881 3600 detestatur
901 3538 1080 3622 patientem

270 3620 383 3683 Totius
406 3621 536 3685 humani
560 3622 688 3707 generis
712 3623 915 3687 saevissimus
937 3623 1049 3703 hostis,

269 3705 321 3783 Et,
345 3727 408 3792 qua
430 3708 585 3792 primates
608 3709 738 3795 decepit
760 3709 873 3773 fraude
896 3715 1059 3794 parentes,

162 3814 188 3854 ro
271 3791 345 3856 Hac
366 3793 499 3858 huiusce
524 3797 583 3859 viri
605 3797 713 3880 pulsat
734 3797 915 3880 penetralia
936 3796 1020 3876 iusti,
1293 3814 1381 3882 fote

248 3979 283 4032 32
295 3982 392 4033 clamat
403 3982 530 4047 Μινωὶς
542 3985 588 4035 sed
601 3987 635 4051 cs.
648 4002 671 4036 v.
681 3987 716 4036 38
729 3987 888 4037 festinabant
960 3983 992 4036 37
1006 3987 1202 4052 metropolitano
1217 3984 1297 4038 Ueltea

162 4045 196 4099 38
213 4051 345 4102 Pontificis
358 4050 393 4101 Μ
457 4050 491 4102 44
509 4055 612 4105 Affootu
624 4052 657 4103 Μ
723 4051 757 4104 47
775 4055 932 4121 glomeratur
943 4055 986 4105 M.-
1003 4057 1105 4107 correai
1174 4052 1208 4107 69
1228 4057 1297 4108 uice

163 4119 259 4170 donum
278 4120 313 4169 M
395 4119 429 4171 64
447 4138 539 4174 nocere
557 4122 592 4173 Μ

248 4256 281 4308 33
301 4262 334 4325 cf.
351 4267 413 4324 pest.
423 4262 478 4311 130.
549 4258 583 4311 36
600 4262 694 4312 summi
712 4262 840 4327 pontificis
857 4261 873 4310 i.
887 4278 908 4313 e.
927 4261 977 4313 det.
1048 4261 1082 4314 56
1100 4282 1134 4305 =
1149 4270 1210 4328 pest.
1226 4265 1297 4314 1498.

162 4323 195 4376 66
214 4328 248 4392 cs.
267 4326 370 4378 Dalal
386 4328 435 4390 §2
