2970 4890
586 330 612 384 ll
632 334 655 386 1.
679 329 837 384 Gallicanus
847 331 869 385 1.
1244 337 1295 392 113

10 497 85 588 ΙΙΠΙ
116 503 135 562 2
248 501 448 567 Gsmrcnnus.
492 502 602 583 Silete,
622 501 625 586 Ι
643 503 811 588 quiescite;
830 504 833 585 Ι
851 510 1005 589 augustus
1022 509 1202 590 revertitur,
1219 530 1294 593 non,

159 594 197 652 ut
219 588 308 669 abiit,
332 589 479 665 obscuro,
499 587 504 671 Ι
524 589 583 653 sed
606 591 696 653 vultu
719 588 893 654 admodum
916 611 1039 655 sereno.
1061 594 1066 676 Ι

248 694 411 739 enisurus.
455 673 549 738 Bona
572 675 708 739 fortuna.

248 758 449 826 (immamus.
496 759 530 824 Si
559 762 660 838 enim,
688 769 725 825 ut
752 761 879 844 dicitm,
909 766 1074 848 speculum
1101 767 1218 831 mentis
1247 772 1296 831 est

162 848 293 1016 facies,¹
309 849 466 912 serenitas
494 847 589 911 faciei
609 855 614 926 Ι
634 849 914 913 mansuetudinem
941 850 1024 915 forte
1054 850 1202 938 designat
1228 853 1297 917 eius
1326 866 1338 905 ⁵

160 954 267 998 ammr.

247 1040 411 1084 PRINCIPES.
455 1017 516 1083 Ite.

250 1277 490 1343 Gonsrnmrnus.
537 1275 721 1341 Gallicane!

251 1363 450 1429 Generosius.
498 1361 582 1435 Quid
606 1362 706 1427 dixit?

249 1470 413 1516 PRINCIPES.
458 1449 615 1525 Procede,
640 1449 796 1535 procede;
820 1457 915 1514 vocat
938 1450 1010 1535 tell
1312 1475 1337 1515 ιο

251 1535 451 1601 Generosius.
495 1534 550 1600 Dii
572 1537 712 1622 propitii,
736 1537 857 1601 favete!
879 1537 883 1618 Ι

10 1614 157 1680 ’⁶9·¹5²·2
251 1621 491 1687 Consularium.
536 1621 644 1706 Perge
672 1643 818 1702 securus,
847 1622 1031 1702 Gallicane,
1062 1624 1104 1689 ad
1130 1623 1295 1709 bellum31

161 1728 348 1774 reversurus
371 1709 455 1773 enim
479 1709 628 1794 accipies,
654 1710 741 1795 quod
764 1709 940 1791 desideras,
963 1713 1152 1795 praemium.
1174 1711 1178 1794 Ι

250 1794 451 1861 ennomus.
496 1795 651 1859 Illudisne
674 1804 747 1860 me?

250 1881 488 1947 Communium.
535 1881 569 1945 Si
591 1881 701 1947 illudo.

249 1966 448 2032 Glnmcnuus.
495 1968 549 2032 lle
573 1968 712 2050 felicem,
732 1970 737 2050 Ι
757 1969 783 2032 si
805 1988 903 2031 unum
926 1969 1054 2032 scirem!
1075 1970 1080 2053 Ι

251 2052 489 2119 Consiliumque.
536 2053 621 2127 Quid
644 2061 764 2118 unum?
785 2055 789 2138 Ι

250 2138 449 2204 (inlumines.
496 2139 573 2204 Eius
595 2162 796 2227 responsum.
816 2149 820 2217 Ι

252 2225 490 2290 Oonsrnnrmos.
535 2226 658 2291 Filiae?

253 2310 453 2376 Genucium.
498 2312 613 2397 Ipsius.
1314 2327 1341 2368 ²⁰

117 2404 136 2464 3
249 2397 488 2464 consiliosus.
532 2398 655 2462 Iniuste
670 2398 747 2463 sotis
762 2398 855 2478 ratio,
878 2397 910 2459 in
930 2397 992 2461 hec
1014 2417 1051 2461 re
1069 2397 1075 2479 Ι
1094 2396 1297 2464 verecundae

162 2483 296 2569 virginis
322 2504 511 2569 responsum
542 2505 708 2570 quaerere.
729 2488 734 2566 Ι
756 2482 996 2569 Consequentia
1024 2489 1133 2549 autem
1160 2504 1267 2549 rerum
1291 2483 1296 2570 Ι

161 2569 356 2635 monstrabit
378 2572 447 2635 eius
469 2591 647 2635 assensum.
668 2579 673 2646 Ι

251 2655 452 2722 cannones.
489 2657 624 2722 sihmo
640 2658 765 2737 scirem,
785 2658 791 2736 Ι
810 2675 1002 2741 responsum
1016 2655 1109 2721 flocci
1124 2653 1274 2719 lacerem.
1291 2652 1296 2740 Ι

250 2742 488 2810 Communium.
534 2744 637 2825 Licet,
662 2743 842 2829 experiare.
1315 2757 1342 2798 2⁵

251 2827 452 2896 Gmnrcnnus.
497 2830 636 2916 Exopto.

119 2922 141 2979 4
255 2914 495 2982 consummes.
542 2916 598 2981 Sui
621 2916 835 3002 primicerios,
865 2913 1043 2978 Iohannem
1066 2918 1100 2977 et
1119 2911 1269 2995 Paulum,

166 3006 276 3066 tecum
301 3009 533 3066 commoratum
560 3004 598 3067 iri
622 3002 766 3068 decrevit
787 3020 890 3086 usque
914 3002 947 3065 in
969 2998 1054 3063 diem
1076 2999 1268 3086 nuptiarum.

253 3086 453 3153 (leniremus,
501 3088 606 3162 Quam
630 3089 671 3154 ob
695 3093 845 3152 causam?

253 3172 492 3240 Consrnnrmus.
545 3175 616 3249 Quo
643 3177 771 3241 illorum
801 3195 844 3237 ex
873 3171 1133 3237 confabulatione
1162 3170 1168 3256 Ι
1198 3170 1297 3258 ipsius
1315 3191 1342 3233 eo

165 3260 275 3338 vitam,
299 3280 418 3343 mores,
442 3262 708 3326 consuetudinem
731 3261 833 3346 possis
856 3278 1094 3344 praenosscere.
1115 3260 1121 3338 Ι

19 3376 78 3426 paq.
87 3362 146 3411 153.
253 3345 454 3414 Gaunrclnus.
497 3348 625 3413 Bonum
653 3349 820 3413 consilium
840 3346 845 3429 Ι
865 3347 1007 3432 mihique
1038 3365 1134 3431 quam
1156 3343 1299 3409 maxime

162 3433 351 3519 placitum!

120 3517 140 3574 5
251 3518 493 3586 consuluimus.
538 3519 668 3585 Scilicet
690 3521 737 3584 tui
758 3519 840 3584 filias
863 3538 972 3582 secum
988 3517 1167 3582 versarice
1187 3518 1192 3596 Ι
1212 3515 1297 3581 desi·
1315 3537 1342 3578 a

167 3605 260 3669 derat
281 3606 409 3669 interim
424 3628 571 3672 mansum
594 3609 651 3690 ire,
672 3608 677 3689 Ι
698 3607 846 3692 quatinus
868 3605 994 3669 illarum
1016 3625 1076 3689 per
1091 3602 1296 3669 sodalitatem
1313 3613 1361 3680 fol.
1373 3613 1426 3665 83ι

167 3691 226 3756 tibi
248 3692 306 3755 fiet
327 3693 497 3777 morigera.

254 3776 454 3844 Ganmmnus.
498 3777 602 3858 Edax,
627 3784 725 3841 euax!
755 3778 862 3842 omnia
884 3777 966 3841 meis
987 3775 1186 3861 respondent
1206 3775 1298 3841 rotis.

254 3862 495 3930 consuluimus.
541 3865 618 3945 Fac,
640 3871 677 3928 ut
699 3864 900 3929 adducantur
921 3863 1023 3927 citius.

255 4070 286 4120 11
305 4072 349 4122 Dii
368 4073 475 4138 propieii
492 4071 521 4121 iu
538 4088 584 4122 rae
600 4090 633 4121 m.
647 4078 660 4122 1
677 4072 708 4123 M

254 4239 270 4292 4
289 4243 323 4307 cs.
347 4242 409 4306 Otto,
428 4243 616 4309 Spriclzwt'rter
633 4243 680 4294 der
697 4242 791 4295 Εὔνηον
807 4261 833 4293 n.
848 4247 899 4293 717.
1005 4239 1038 4293 14
1057 4243 1092 4309 cs.
1116 4240 1171 4292 Ter.
1190 4238 1242 4290 Ad.
1255 4236 1302 4288 IV

168 4315 191 4373 6,
201 4312 233 4361 63
251 4311 363 4375 obsecro,
382 4330 443 4364 num
461 4314 530 4363 ludis
547 4328 617 4363 nunc
635 4320 664 4363 tu
681 4316 739 4364 me?
826 4310 859 4364 16
878 4311 913 4378 cf.
931 4310 1002 4362 Mor.
1014 4315 1066 4362 116.

221 4397 407 4448 Huonsvrrnsn
425 4412 516 4450 orsus.
1127 4393 1144 4447 8
