2970 4890
401 339 442 393 Ill
459 340 485 394 2.
501 336 656 408 primordio
672 336 789 390 comobis'
808 335 1055 391 cananaeam.
1247 337 1300 392 239

272 512 363 586 Quae
387 532 460 576 curn
485 509 641 587 tardaret,
665 509 728 572 cito
751 529 811 573 nec
833 508 1011 594 procedere
1035 510 1144 590 vellet,

271 598 365 671 Quod
388 598 477 682 prius
500 595 659 675 audierat,
682 615 794 658 verum
818 597 887 660 fore
910 595 1006 660 valde
1030 597 1181 669 timebat;

270 684 502 770 inpatiensque
525 702 637 746 morae
662 679 813 745 domnam
830 682 984 830 precibus
1008 684 1116 767 placat
1140 679 1256 762 Odam,

270 769 384 834 Donec
406 770 479 854 ipsa
502 789 593 832 suam
615 768 707 830 iussit
729 788 826 852 proce
852 787 907 832 ere
928 773 1049 848 natam,
1244 782 1302 834 (seo)

271 855 426 920 Ornatam
448 854 583 940 pulchra
607 854 695 918 cultu
717 855 816 917 vestie
838 854 1001 938 pretiosae

269 942 405 1006 Necnon
451 942 599 1005 emmatis
622 960 811 1024 sponsarum
834 960 923 1003 more
947 941 1095 1003 metallis.

271 1031 331 1092 Ast
353 1028 410 1092 nbi
464 1026 620 1091 ernradus
644 1025 734 1106 vidit,
759 1047 854 1175 quam
878 1025 1084 1103 desideravit,

270 1113 460 1177 His-verbis
483 1134 590 1177 caram
613 1113 738 1177 causari
774 1119 862 1176 ertur
883 1114 1035 1176 amicam:

270 1199 353 1264 ‘Non
374 1220 448 1263 raro
472 1198 579 1279 didici,
602 1199 690 1262 lama
713 1198 870 1284 prodente
895 1199 1030 1280 sinistra,
1244 1210 1301 1262 (¹⁴⁵)

271 1284 366 1359 Quod
388 1291 424 1348 tu
445 1286 557 1349 nitaris
579 1291 725 1349 nostrum
748 1283 947 1369 disrumpere
969 1291 1099 1369 pactum

269 1372 313 1436 Et
333 1371 410 1435 fidei
433 1370 550 1435 foedus
573 1372 766 1435 servandum
790 1372 916 1434 solvere
941 1392 1080 1455 prorsus.

271 1458 316 1520 At
337 1478 421 1521 nunc
444 1456 487 1520 ad
509 1457 630 1521 bellum
655 1458 747 1521 citius
769 1477 946 1542 properare
969 1457 1110 1521 futurum

272 1544 452 1628 Praecepto
475 1544 563 1627 regis
586 1563 695 1627 cogor,
717 1545 817 1607 nostri
840 1544 989 1619 senioris;

272 1628 357 1694 Hinc
378 1636 508 1715 tempus
532 1628 641 1713 quidni
664 1650 727 1693 non
751 1635 801 1693 est
822 1629 885 1693 hoc
908 1627 1107 1695 discutiendi.
1245 1642 1301 1690 ‹aa›

274 1714 310 1779 Si
330 1714 464 1779 redeam
489 1722 576 1779 certe
599 1736 722 1801 sospes,
745 1717 918 1780 comitante
942 1718 1055 1797 salute,

273 1800 360 1865 Scito
381 1803 495 1886 procul
518 1800 627 1881 dubio,
651 1801 738 1887 quod
760 1807 793 1865 te
817 1802 964 1867 mihimet
986 1801 1117 1866 sociabo

275 1888 384 1972 Atque
408 1888 455 1951 tui
477 1894 589 1951 votum
611 1888 740 1973 penitus
762 1887 980 1972 pessumdabo
1002 1885 1144 1952 vanum.²

274 1971 422 2055 Dixerat,
447 1978 481 2037 ct
504 1974 630 2055 dextra,
653 1980 820 2060 permotus
842 1981 961 2056 manta,
984 1976 1093 2038 lavata

272 2057 361 2123 lurat
384 2079 442 2145 per
465 2060 619 2143 gladium,
641 2081 701 2145 pcr
723 2058 928 2124 candidulum
952 2081 1079 2146 quoquc
1103 2059 1301 2138 collumbae)

273 2143 369 2208 quta
390 2166 486 2230 posse
510 2147 559 2208 sui
581 2146 674 2210 factis
696 2145 863 2230 praedicta
885 2147 1014 2232 repleri.

273 2229 490 2316 Respondcns
514 2252 592 2315 ergo
616 2231 766 2316 Gerberg
788 2232 833 2295 eit
856 2253 911 2297 ore
935 2232 1100 2297 modesto:

273 2314 413 2380 ‘Christo
435 2337 488 2380 mc
512 2322 613 2382 totam
638 2319 813 2398 committo,
836 2339 942 2382 meam
966 2340 1029 2404 quo
1052 2339 1094 2382 uc
1117 2317 1226 2396 vitam,

276 2401 383 2487 thue
406 2403 463 2467 fiat
486 2402 526 2466 de
551 2425 603 2467 me
626 2405 722 2493 iuxta
740 2403 860 2467 domini
884 2425 964 2489 rogo
986 2340 1093 2471 acide.²

274 2487 335 2552 His
357 2489 403 2552 ita
426 2489 593 2574 colloquiis
616 2497 727 2553 mutuo
751 2509 899 2554 sermone
922 2492 1072 2591 peractis,
1243 2503 1300 2552 (aa)

275 2572 422 2639 Bemrad
445 2596 523 2638 mox
545 2576 633 2652 abiit,
657 2596 799 2660 casuque
822 2596 881 2639 suo
905 2583 968 2640 orto
991 2577 1100 2652 sensit,

274 2659 328 2723 Nil
352 2668 463 2725 contra
486 2661 650 2725 dominum
674 2681 909 2745 quemcumque
932 2661 1041 2725 valere
1065 2661 1250 2747 superbum,

274 2745 327 2827 Et,
371 2748 424 2810 uia
445 2748 518 2832 plus
541 2748 625 2811 iusto
648 2746 784 2832 deliquit
806 2748 913 2810 inania
935 2746 1043 2828 fando,

274 2767 405 2895 Decidit
426 2833 458 2895 in
481 2833 580 2912 bello,
602 2835 704 2897 victus
727 2834 844 2897 virtute
867 2853 1020 2918 superna;

274 2917 324 2981 Ac
346 2917 465 2982 Christi
487 2920 578 3003 virgo
602 2921 710 3004 sponsi
734 2920 882 2983 caelestis
905 2920 1007 2984 amori
1243 2933 1301 2986 (res)

277 3002 319 3066 Se
342 3025 420 3068 mox
443 3006 617 3083 coniunxit,
642 3027 737 3091 quem
760 3011 848 3069 easta
872 3026 1002 3091 semper
1023 3005 1153 3070 amavit.

318 3088 415 3154 nujus
437 3093 594 3176 primatus
618 3099 722 3168 serto,
745 3093 777 3155 ni
799 3091 903 3172 fallor,
927 3093 959 3156 in
981 3113 1065 3156 anno

276 3173 365 3239 Brun
388 3176 464 3259 dux,
489 3179 659 3242 ecclesiam
682 3184 850 3264 promptus
874 3178 1050 3243 defendere
1073 3184 1217 3244 sanctam

275 3259 409 3326 Incursu
431 3264 471 3327 de
495 3285 665 3328 saevorum
689 3266 766 3328 satis
788 3264 1014 3349 Ungariorum,

274 3345 352 3428 (Pro
375 3348 477 3430 dolor)
503 3370 546 3413 ex
567 3351 645 3436 ipsis
667 3350 788 3415 domini
832 3353 916 3416 ravis
938 3353 1073 3417 inimicis
1243 3368 1301 3422 trio>

167 3453 204 3493 ses
277 3430 450 3514 Occiditur,
474 3435 556 3499 binis
580 3456 653 3500 cum
674 3373 875 3521 praesulibus
898 3438 1090 3503 venerandis

251 3601 302 3655 331
329 3607 472 3659 turdaratl
568 3606 620 3660 333
646 3610 776 3662 dominam
794 3610 822 3661 tl
930 3611 982 3665 339
1008 3613 1129 3680 prodente
1147 3615 1183 3666 ric
1200 3610 1238 3666 llll
1254 3611 1301 3733 (hp.

165 3686 188 3720 a.
200 3673 253 3735 211,
273 3673 355 3740 Gany.
367 3678 425 3738 304,
445 3676 512 3741 Apa.
525 3678 583 3743 118)
669 3677 721 3729 340
739 3688 764 3731 te
781 3680 810 3730 hl
863 3682 975 3732 nitansl
1057 3679 1109 3734 344
1126 3683 1195 3749 qnod
1213 3684 1240 3735 ni
1294 3701 1302 3733 .·

166 3755 232 3790 corr.
255 3740 368 3795 Bartsch
389 3745 436 3810 (cf.
455 3745 595 3810 Marma,
618 3764 669 3799 arc.
683 3750 726 3810 20,
746 3752 877 3814 cmm.
895 3750 957 3816 334)
1042 3749 1094 3802 358
1115 3754 1178 3819 sort.
1200 3751 1302 3804 Occidit

167 3808 201 3868 (0
212 3825 267 3873 pro
283 3813 308 3862 D
331 3814 431 3865 nudati
451 3815 551 3879 habito)
641 3815 693 3867 365
716 3818 875 3883 praesidibus
893 3819 933 3869 tl.-
956 3820 1057 3870 correaec'
1078 3820 1140 3872 diss.
1158 3823 1242 3885 ρ.38,·
1269 3821 1302 3872 dc

172 3876 328 3932 Theoderico
351 3884 468 3948 episcopo
490 3884 623 3935 Miadensi
644 3894 668 3937 ct
685 3885 856 3938 Morkwcrdo
879 3889 995 3952 episcopo
1018 3888 1224 3941 Hilderlrememr'
1244 3905 1302 3940 cum

167 3945 290 4000 Bruacroe
312 3952 400 4002 ocriae
422 3956 456 4018 cs.
475 3953 637 4015 Daemmler,
665 3955 755 4007 Geacl.
774 3957 818 4007 des
837 3957 963 4022 ostsrttak.
982 3956 1172 4008 nasama
1185 3975 1214 4023 p.
1228 3958 1300 4010 136¹.

252 4101 304 4154 345
321 4107 355 4171 cf.
372 4115 432 4171 pest.
447 4112 513 4158 1176.
584 4105 635 4159 349
654 4125 699 4175 per
710 4108 878 4160 candidulum
896 4109 992 4159 collum
1006 4104 1051 4172 (cf.
1069 4108 1141 4174 Vcry.
1156 4125 1243 4174 ycory.
1256 4108 1277 4157 I
1281 4109 1307 4158 V

167 4171 226 4234 337)
238 4172 310 4223 laesa
321 4175 376 4239 (ide
386 4176 478 4241 qtadio
485 4177 649 4241 plectendum
663 4180 709 4245 (cs.
725 4178 748 4228 J
747 4217 752 4229 .
765 4178 873 4238 Oricum,
891 4176 1009 4228 malsc
1022 4175 1301 4227 Recbuntterttdmer⁸

163 4252 191 4301 p.
206 4243 294 4306 rotrq.
380 4243 432 4295 352
450 4247 484 4310 cs.
500 4246 578 4309 prim.
592 4250 630 4298 26.
723 4246 774 4299 354
793 4247 828 4312 cf.
847 4245 978 4296 Meam
1065 4242 1115 4295 361
1135 4246 1169 4311 cs.
1186 4253 1246 4310 pert.
1259 4249 1300 4298 20.

167 4303 218 4357 363
236 4310 423 4376 Ungariorum:
440 4315 516 4365 immo
534 4314 764 4366 Nortmaanorum.
